1780 3022
118 114 138 178 ’,ῥ
175 121 316 169 aedit
340 123 547 177 utrimque
576 120 746 177 εωιιε”;
782 121 859 165 fuit
892 121 930 164 is
958 120 1073 164 haud
1101 119 1226 163 dubie
1255 131 1403 162 servus
1432 117 1582 162 Lucilii

99 191 102 197 ’
126 189 341 248 phgosus.
361 214 417 221 —
435 189 734 246 „zopyriatiw
753 203 829 245 pro
843 186 1228 245 „Zopyrionatim“,
1243 191 1287 229 ut
1301 185 1581 241 ‚,Scipiadas“

84 255 435 312 2„Scipi0nides“.
463 280 519 286 -
547 255 631 298 Cfr.
658 255 724 309 N„
753 255 822 307 IL,
851 255 947 298 668.

39 330 65 390 '5⁵
211 345 357 391 annot.
402 345 435 390 l:
486 345 751 392 „ditinctiva-3⁶2
796 357 910 399 susp.
953 343 980 386 6
1021 357 1089 398 ap.
1134 342 1232 386 Luc.
1277 341 1392 384 Mull.
1434 341 1475 385 h.
1520 355 1581 384 v.:

47 395 63 457 ἶ
105 425 281 469 „nasum
309 411 516 454 diductius
557 424 679 465 quam
716 409 896 466 pandius
932 409 1072 466 paullo
1101 409 1275 452 vellem“
1315 409 1359 450 in
1394 407 1580 451 Pseudo-

102 478 224 536 probi
251 477 307 522 de
333 478 487 521 nomin.
518 476 726 533 excerptis
756 476 885 519 fuisse
913 476 1090 532 legimus
1108 476 1301 530 Lucretii,
1330 489 1581 531 quamquam

105 545 274 589 omnino
307 545 399 598 (cfr.
435 544 490 588 M.
528 557 675 587 comm.
710 559 750 600 p.
788 544 887 594 287)
926 556 1007 586 nec
1043 543 1223 599 „nasus“
1263 555 1341 586 nec
1379 542 1580 598 „nasum“

46 639 58 666 .·
101 611 147 655 in
182 611 274 668 ejus
308 611 425 655 libris
464 611 683 655 invenitur.
758 610 1036 662 Quamobrem
1071 610 1183 652 hunc
1217 623 1385 652 versum
1422 608 1581 652 Lucilio

102 682 248 722 nostro
275 678 485 722 ascribere
506 678 776 721 vehementer
805 677 1095 720 dubitaverim.

47 811 51 814 ι
191 768 337 814 annot.
367 768 419 812 2:
463 767 590 810 L'owe
627 782 668 823 p.
698 767 798 809 334:
839 766 1046 822 „Lucilius
1084 779 1177 809 cum
1215 765 1417 808 adverbia
1451 765 1495 808 in
1526 791 1582 796 —

45 885 49 890 ¹
101 833 203 877 atim
252 834 355 877 satis
397 847 507 876 nove
542 834 803 887 formaverit,
848 833 962 877 velut
994 833 1285 889 „zopyriatim‘
1289 834 1301 856 ‘
1344 836 1388 876 et
1427 846 1582 887 „zona-

44 917 51 925 ·
101 903 217 955 fim‘ss
246 915 331 946 non
359 902 502 958 inepte
530 901 695 943 videtur
727 900 861 943 conici
896 913 1023 956 posse
1061 900 1117 942 ad
1147 904 1312 942 saturas
1342 899 1433 956 ejus
1464 913 1583 955 spec-

43 1006 46 1014 .
99 973 189 1012 tare
232 969 341 1012 hanc
384 967 588 1023 Scaligeri
633 967 723 1019 (cfr.
760 967 888 1022 gloss.
928 965 1030 1010 Isid.
1075 981 1114 1022 p.
1153 967 1248 1020 697,
1287 966 1329 1019 9)
1373 965 1581 1021 glossam:

101 1066 129 1084 ‚‚
234 1027 372 1076 ''iatim
415 1034 549 1089 loqui:
592 1032 735 1088 pravis
779 1033 929 1084 verbis,
965 1047 992 1075 a
1035 1033 1230 1088 Tongilio
1259 1033 1468 1089 §parasito,
1513 1032 1584 1088 qui

40 1097 50 1117 ²
101 1101 183 1144 hoc
209 1101 432 1144 invenerat
466 1101 574 1142 risus
604 1100 839 1155 aucupium,
875 1103 919 1142 ut
948 1099 1151 1143 salutatus
1188 1099 1375 1143 convicio
1410 1113 1582 1156 respon-

102 1167 225 1210 deret
253 1171 294 1210 et
321 1166 431 1210 male
461 1166 668 1210 dicentem
697 1166 972 1211 blandissime
1001 1166 1229 1210 salutaret“
1259 1180 1295 1210 e.
1326 1180 1364 1222 q.
1396 1180 1429 1211 S.

435 1557 554 1625 Cap.
591 1559 672 1608 V.:
721 1557 1149 1612 Particularum

32 1669 243 1714 communi
257 1683 335 1712 usu
347 1669 631 1712 recedentium
646 1683 728 1712 una
742 1668 958 1712 Luciliana
972 1668 1103 1724 digna
1117 1683 1224 1724 quae
1235 1673 1486 1713 memoretur
1497 1673 1580 1712 est:

102 1737 209 1780 anti
243 1737 271 1779 i.
307 1750 343 1779 e.
380 1735 478 1781 ἀντί
504 1759 548 1770 =
577 1751 673 1792 pro,
711 1750 751 1778 v.
788 1736 870 1778 3521
900 1736 1174 1791 (1‚43);'}vide
1213 1750 1339 1792 supra
1376 1738 1451 1780 sub
1487 1750 1579 1783 voc.

20 1804 211 1860 σεμνῶς“
240 1817 282 1860 p.
311 1803 364 1846 67
395 1802 479 1859 huj.
510 1802 612 1845 diss.
671 1802 754 1846 Cfr.
783 1803 838 1847 M.
869 1816 1015 1847 comm.
1046 1817 1087 1859 p.
1119 1803 1212 1846 198.

641 2339 805 2411 Pars
853 2339 935 2412 Π.

102 2472 199 2514 Rite
242 2471 324 2513 huc
366 2484 497 2525 usque
533 2475 573 2513 et
606 2471 776 2514 brevius
812 2472 884 2526 ita,
920 2476 964 2514 ut
1000 2486 1075 2528 pro
1112 2473 1299 2528 opusculi
1335 2474 1500 2527 finibus,
1530 2474 1583 2516 iis

27 2537 140 2581 ucilii
182 2537 323 2580 verbis
366 2551 590 2593 eorumque
633 2538 859 2580 rationibus
896 2539 1179 2594 pertractatis,
1226 2553 1334 2594 quae
1375 2555 1582 2595 nusquam

34 2607 99 2647 ter
134 2616 279 2646 omnes
316 2604 538 2659 scriptores
576 2604 728 2646 latinos
766 2605 848 2646 nisi
877 2619 944 2660 ap.
975 2605 1178 2647 Lucilium
1209 2606 1340 2649 solum
1376 2607 1581 2662 invenias,

110 2670 311 2726 cujusque
345 2680 495 2726 poetae
530 2671 808 2726 proprietates
842 2671 885 2712 in
922 2670 1089 2713 dicendi
1124 2685 1284 2726 genere
1327 2673 1387 2716 sic
1417 2687 1582 2728 quoque

19 2737 149 2793 ptime
176 2735 374 2792 intellegi,
405 2737 440 2779 si
471 2751 565 2779 eum
594 2737 904 2793 comparaveris
934 2751 1028 2779 cum
1050 2738 1403 2790 antecedentibus,
1425 2753 1580 2794 aequa-

20 2803 110 2854 bus,
130 2803 427 2859 posterioribus
458 2803 741 2859 scriptoribus,
770 2817 861 2846 cum
877 2816 1123 2859 persuasum
1152 2805 1253 2847 mihi
1285 2805 1350 2859 sit,
1375 2806 1583 2849 vocabula

27 2867 208 2912 uciliana
243 2869 374 2911 semel
409 2869 526 2911 bisve
560 2874 727 2925 praeter
762 2870 965 2913 Lucilium
1006 2871 1130 2914 obvia
1165 2871 1208 2913 in
1243 2871 1308 2925 ἰίε,
1347 2885 1454 2927 quae
1493 2887 1578 2916 ser-
