1910 3034
1057 100 1115 142 50

287 231 398 286 quod
427 231 475 275 L.
507 234 548 274 et
576 231 631 273 M.
652 234 764 273 recte
793 224 835 272 in
862 230 1120 285 ‚,remillum“
1151 235 1434 276 correxerunt.
1493 232 1688 277 Ceterum
1716 236 1762 276 ut
1790 246 1882 276 sen-

285 296 416 339 tentia
457 297 583 339 totius
627 295 804 338 mutilati
840 295 1075 350 fragmenti,
1120 297 1179 338 ita
1215 297 1332 352 origo
1362 296 1473 340 illius
1509 297 1728 353 adJectivi,
1773 299 1885 354 quod

285 375 494 417 nusquam
523 362 622 405 alibi
651 362 872 415 invenitur,
903 362 1202 404 obscurissima
1231 367 1307 406 est.

399 450 561 493 sollus
592 451 615 493 i.
649 463 683 492 e.
705 453 828 502 totus,
860 463 899 492 v.
924 450 1031 491 1109
1062 451 1156 503 (inc.
1191 451 1309 505 106):
1344 483 1368 505 „
1381 464 1512 507 „vasa
1531 463 1696 506 quoque
1715 452 1883 495 omnino

285 515 490 558 derimit.“
513 541 567 546 —
590 529 698 569 „non
720 515 826 558 sollo
842 515 1054 571 (111111111ᾱία
1068 519 1104 558 “.
1146 516 1216 559 Sic
1236 517 1453 572 praeclare
1473 516 1707 560 diverbium
1727 518 1883 573 signifi-

285 582 396 624 cavit
426 586 466 624 et
495 581 675 624 restituit
694 581 747 624 M.
781 584 870 635 (cfr.
903 595 1051 624 comm.
1082 597 1121 638 p.
1153 583 1265 638 281).
1298 582 1610 626 .Tradiderunt
1636 582 1676 627 h.
1707 596 1746 627 v.
1768 583 1882 629 Fest.

267 662 324 706 .P·
356 647 437 690 298
469 653 511 690 et
539 647 657 692 Paul.
690 662 730 703 p.
762 648 844 690 299
874 648 990 691 hisce
1019 648 1178 691 verbis:
1218 649 1350 704 „sollo
1388 649 1505 704 (sici)
1536 662 1634 692 osce
1664 648 1813 692 dicitur
1840 649 1886 692 id

285 712 398 768 quod
426 726 503 755 nos
534 716 664 756 totum
694 727 906 756 vocamus.
966 714 1169 756 Lucilius:
1203 728 1334 770 „vasa
1364 714 1496 768 (cod.:
1527 718 1704 769 suasa).
1727 748 1737 758 .
1759 750 1768 759 .
1798 729 1883 758 non

285 778 391 822 sollo
421 778 610 835 dupundi
638 780 664 821 i.
697 793 732 822 e.
764 793 847 822 non
877 783 1005 823 tota.⁴‘
1063 782 1241 836 Propter
1271 781 1314 822 id
1346 781 1485 837 „tota“
1516 780 1707 836 Ursinus,
1737 782 1884 824 Dousa

283 859 339 900 p.,
383 845 431 888 L.
476 845 601 888 etiam
646 845 805 900 „solla“
850 859 926 901 pro
973 846 1132 901 „sollo“
1178 847 1389 902 corrigere
1439 860 1533 890 cum
1575 847 1883 903 proposuerint,

284 910 479 965 equidem
517 911 759 966 simpliciter
796 911 952 953 codicis
990 911 1224 967 lectionem,
1264 913 1548 968 Gerlachium,
1586 914 1633 956 L.
1663 913 1882 956 Miillerum

283 980 451 1020 secutus
481 976 584 1019 illud
615 976 774 1032 „sollo“
796 977 1020 1034 retineam3
1051 978 1122 1022 cfr.
1154 979 1359 1033 Georges,
1382 979 1544 1022 Lexic.:
1577 979 1718 1035 „Fest
1739 981 1835 1036 298,
1855 981 1883 1022 5

283 1043 389 1086 sollo
426 1043 590 1086 oscisch
620 1065 662 1076 ε
692 1043 797 1099 plur.
834 1045 967 1099 tota“;
1006 1045 1058 1087 K.
1097 1045 1130 1087 Ι.
1169 1059 1210 1100 p.
1248 1046 1348 1088 360:
1387 1045 1547 1101 „sollus
1576 1068 1620 1080 z
1650 1042 1762 1100 ὅλος,
1801 1059 1881 1089 scr.

282 1123 430 1152 sarvas
460 1132 503 1143 Ξ
532 1110 667 1152 omnis
705 1109 822 1166 (vide
850 1110 963 1154 Fest.
1002 1125 1043 1166 p.
1081 1111 1175 1166 293,
1208 1111 1279 1153 15:
1325 1111 1502 1167 „sollum
1539 1125 1638 1154 osce
1674 1115 1805 1155 totum
1842 1115 1891 1173 et.

281 1175 459 1219 solidum
490 1175 789 1231 significat“);“
821 1176 1040 1231 Bucheler,
1071 1177 1177 1220 Mus,
1208 1177 1340 1221 Rhen.
1371 1178 1425 1219 33
1454 1192 1495 1234 p.
1525 1178 1592 1220 47.

392 1263 636 1307 stlembus
674 1264 701 1306 i.
740 1278 775 1308 e.
806 1265 964 1320 gravis,
1000 1265 1159 1319 tardus,
1198 1266 1387 1308 v.·1112
1421 1266 1477 1321 (3,
1507 1266 1598 1320 32):
1645 1267 1880 1324 „Apulidae

278 1330 454 1387 pedibus
477 1330 682 1374 stlembi“.
742 1331 826 1374 Cfr.
849 1345 976 1388 supra
998 1331 1269 1388 „Apulides“.
1321 1332 1450 1389 CuJus
1471 1333 1670 1389 adjectivi
1698 1359 1754 1365 -—
1782 1347 1880 1376 nam

277 1398 532 1454 adJectivum
570 1411 665 1440 esse
702 1411 755 1440 ex
787 1398 903 1440 Festi
933 1398 1072 1440 verbis
1113 1411 1241 1454 supra
1270 1398 1452 1441 laudatis
1482 1398 1732 1443 concludere
1760 1400 1882 1443 nobis

277 1464 374 1507 licet
400 1489 457 1495 —
485 1464 603 1519 origo
633 1463 932 1507 obscurissima
968 1464 1059 1507 sine
1089 1463 1215 1507 dubio
1252 1467 1318 1507 est
1346 1477 1483 1519 neque
1511 1479 1691 1520 usquam
1720 1465 1880 1520 aliquid

277 1531 331 1574 de
362 1531 453 1587 ejus
484 1536 626 1587 etymo
661 1531 815 1573 inveni.
889 1531 980 1573 Hoc
1017 1543 1142 1573 unum
1173 1530 1297 1572 modo
1328 1535 1522 1574 constare
1557 1531 1659 1574 mihi
1699 1531 1878 1584 videtur,

275 1597 616 1652 haudquaquam,
655 1600 700 1638 ut
731 1596 876 1651 „stlis“
915 1610 990 1652 pro
1027 1596 1132 1653 „lis“
1166 1596 1322 1650 (Quint.
1357 1598 1393 1651 1,
1422 1598 1462 1652 4,
1496 1599 1563 1652 16)
1596 1604 1638 1640 et
1669 1597 1878 1654 „stlocus“

275 1676 351 1718 pro
384 1663 552 1719 „locus“
585 1663 699 1718 (ibid.
732 1667 773 1705 et
802 1663 917 1705 Fest.
948 1664 1030 1705 313
1062 1668 1101 1706 et
1131 1664 1230 1716 314)
1264 1662 1479 1720 [Corssen,
1509 1664 1782 1720 Aussprache
1801 1669 1877 1710 etc.

276 1744 316 1784 p.
348 1730 395 1784 L,
428 1729 511 1786 79],
543 1730 604 1772 sic
634 1729 759 1772 etiam
792 1729 1047 1785 „stlembus“
1082 1743 1157 1785 pro
1190 1729 1403 1785 „lembus“
1437 1731 1637 1786 scriptum
1674 1738 1715 1774 et
1743 1736 1880 1775 trans-

273 1795 360 1838 late
396 1800 642 1852 usurpatum
680 1810 798 1851 esse,
837 1810 929 1839 cum
965 1796 1068 1838 illud
1104 1796 1322 1851 „lembus“
1360 1796 1546 1852 (λεμβός)
1583 1798 1674 1852 (cfr.
1714 1798 1756 1842 S.
1794 1799 1879 1842 ind.

273 1876 314 1917 p.
345 1863 417 1916 47)
447 1863 473 1904 i.
506 1877 541 1906 e.
575 1876 783 1917 cercurus,
814 1863 1023 1905 celerrimi
1044 1863 1205 1918 navigii
1225 1876 1359 1918 genus
1390 1877 1458 1919 ap.
1481 1864 1617 1907 Plaut.
1649 1864 1776 1908 Bach.
1797 1866 1880 1908 279

275 1928 331 1982 (2,
360 1929 400 1983 3,
430 1929 500 1982 45)
540 1933 580 1971 et
616 1929 696 1970 958
735 1929 792 1984 (4,
824 1930 863 1984 9,
894 1930 979 1983 34),
1018 1930 1124 1983 Liv.,
1164 1929 1289 1985 Curt„
1321 1930 1452 1986 Virga,
1495 1944 1518 1974 e
1548 1932 1757 1975 contrario
1794 1946 1878 1974 non

274 1994 481 2037 tarditatis
513 2000 555 2038 et
585 1995 791 2050 pigritiae,
824 2009 947 2050 quam
978 1995 1130 2038 Festus
1161 1996 1261 2050 vult,
1301 1996 1377 2039 sed
1407 1997 1634 2040 celeritatis
1664 1998 1877 2041 notionem

274 2060 318 2102 in
347 2074 395 2103 se
425 2061 648 2105 contineat.
690 2086 746 2091 —
783 2061 984 2104 Similiter
1021 2062 1148 2104 etiam
1179 2075 1268 2105 voc.
1300 2062 1486 2116 ‚,stlata“
1522 2077 1589 2119 ap.
1620 2065 1779 2107 Auson.
1810 2078 1877 2120 ep.

273 2127 340 2182 22,
370 2128 422 2169 31
461 2133 502 2170 et
532 2128 716 2172 Gramm.
755 2131 796 2170 et
825 2127 1073 2183 „stloppus“
1110 2142 1177 2184 ap.
1209 2129 1325 2172 Pers.
1364 2129 1403 2183 5,
1437 2130 1488 2171 13
1526 2130 1598 2172 vix
1636 2131 1877 2187 conjectura

276 2193 497 2248 explanari
527 2199 717 2250 possunt.

384 2281 619 2337 tapullus
652 2297 685 2324 s.
717 2282 983 2337 Tappulus
1014 2283 1038 2327 i.
1072 2297 1107 2326 e.
1138 2284 1383 2339 convivalis,
1414 2298 1454 2327 v.
1487 2286 1595 2328 1189
1626 2286 1723 2340 (inc.
1757 2287 1875 2341 178):

273 2347 540 2403 „Tappulam
571 2348 661 2403 (Ga
692 2348 912 2404 tapullam)
952 2349 1090 2391 rident
1118 2349 1258 2404 legem
1289 2365 1500 2395 concenae
1530 2353 1715 2408 optimi“.
1790 2353 1874 2396 Gfr.

274 2427 401 2469 supra
430 2428 468 2458 v.
500 2418 754 2469 „concena“.
826 2415 934 2458 Vide
965 2416 1076 2459 Fest.
1115 2431 1155 2472 p.
1186 2418 1281 2472 363,
1312 2419 1384 2460 21:
1430 2419 1697 2474 „Tappulam
1736 2419 1874 2476 legem

273 2480 534 2522 convivalem
555 2482 849 2537 fictomnomine
869 2483 1119 2539 conscripsit
1133 2483 1282 2538 jocoso
1306 2484 1490 2527 carmine
1511 2485 1701 2528 Valerius
1722 2486 1874 2532 Valen-

271 2546 396 2599 tinus,
418 2547 533 2602 cujus
554 2548 743 2590 meminit
762 2548 946 2591 Lucilius
971 2550 1048 2591 hoc
1070 2549 1244 2605 modo;“
1271 2554 1313 2593 et
1331 2550 1448 2593 Paul.
1470 2565 1510 2606 p.
1531 2551 1633 2594 362:
1664 2552 1875 2608 „Tapulla

272 2610 385 2653 dicta
414 2616 479 2654 est
512 2613 581 2655 lex
613 2614 821 2668 quaedam
851 2614 905 2657 de
934 2616 1184 2659 conviviis.“
1257 2618 1333 2659 Est
1361 2617 1487 2672 igitur
1516 2631 1607 2660 voc.
1637 2617 1818 2663 fortasse
1846 2633 1874 2662 a

272 2676 440 2720 Valerio
471 2679 628 2721 comico
661 2680 749 2723 VII.
784 2681 941 2723 saeculi
971 2681 1123 2736 fictum,
1156 2683 1267 2737 quod
1288 2683 1471 2726 Lucilius
1503 2684 1616 2728 solus
1646 2686 1874 2729 memoriae

271 2743 469 2798 prodidit.
529 2745 656 2799 Cujus
688 2746 804 2801 origo
834 2747 984 2790 mirum
1006 2752 1205 2802 quantum
1235 2749 1349 2792 latet.
1410 2751 1648 2794 Gessnerus
1678 2752 1722 2795 in
1741 2752 1871 2795 Thes.

270 2822 325 2863 „a
361 2809 504 2852 tabula
546 2810 729 2853 1110111111(ι
767 2825 863 2855 esse
893 2818 1056 2869 censet3
1102 2815 1145 2857 in
1180 2817 1453 2859 annotatione
1498 2817 1871 2863 Lachmannianae

271 2874 465 2917 editionis
503 2890 543 2931 p.
584 2877 662 2918 136
699 2877 806 2920 haee
835 2878 1070 2922 invenimus
1102 2881 1276 2937 scripta:
1320 2883 1477 2938 „Legis
1516 2884 1708 2939 quamvis
1746 2884 1870 2928 fictae

271 2953 424 2984 nomen
454 2955 538 2985 non
567 2943 700 2998 potuit
729 2958 812 2987 non
841 2958 938 2988 esse
967 2961 1071 2991 sono
1102 2953 1142 2991 et
1165 2948 1299 2992 forma
1319 2949 1588 3006 gentilicium,
1618 2954 1719 3007 puto
1738 2951 1870 3002 fuisse
