1910 3034
672 71 859 102 ..μιν
915 53 971 96 13

527 104 656 118 L—M⁷

47 222 61 242 ἱ
96 205 106 214 >
182 181 224 233 5:
348 187 499 235 Annei.
518 187 562 234 3.
612 186 735 240 Quod
753 185 990 242 Herwigius
1000 187 1029 238 ¹)
1049 199 1090 241 p.
1109 185 1166 228 20
1185 183 1404 240 explicans
1425 182 1739 238 Quintilianum,

47 300 50 307 ,
83 299 104 304 ,,
133 259 157 293 Γ
183 259 199 292 '-
261 254 463 311 quidquid
505 268 559 297 ex
603 253 765 310 scriptis
800 251 947 295 Lucilii
983 250 1178 306 attulerit,
1218 263 1304 293 non
1340 249 1522 303 aliunde,
1566 248 1642 292 sed
1685 261 1740 292 ex

86 308 100 323 ⁵
135 323 147 330 ⁶
184 331 186 333 “
264 321 426 364 Lucilio
466 321 558 377 ipso
602 320 810 373 hausisse,
847 318 966 361 dicit:
1010 317 1086 372 „Q.
1132 331 1186 360 ex
1229 315 1389 359 Lucilio
1422 329 1575 359 nomen
1617 314 1743 357 affert

58 368 86 397 ’Δ
263 388 391 431 Vettii
421 387 704 443 („Vettieii·?“)
734 387 780 439 Ι.,
810 387 849 439 5,
878 386 932 428 56
951 386 1047 439 inst,
1078 385 1130 428 de
1159 398 1239 440 quo
1266 385 1319 427 ab
1345 384 1439 426 aliis
1469 383 1738 439 scriptoribus

261 454 366 497 nihil
402 454 597 496 traditum
635 453 738 506 est“,
777 452 858 495 hoc
895 451 1044 494 saltem
1083 456 1273 508 apparet,
1309 451 1420 494 hunc
1454 450 1635 494 Vettium
1672 449 1739 506 (L.

263 535 303 576 p.
335 521 432 574 1373
463 520 518 562 M.
547 521 627 563 inc.
659 519 737 574 frg.
760 519 989 574 CXXIII),
1008 532 1134 561 unum
1164 532 1217 561 ex
1247 518 1417 574 proavis
1447 530 1589 561 eorum
1607 515 1739 558 fuisse

265 588 508 641 Vettiorum,
538 600 640 642 quos
670 600 738 642 ap.
761 586 857 629 Sen.
889 599 1006 642 apoc.
1038 588 1064 639 ξ
1096 586 1147 628 13
1178 585 1242 628 ed.
1271 585 1419 640 Biich.;
1450 585 1539 626 Iuv.
1571 584 1608 638 7,
1641 584 1739 637 1503

263 653 432 697 Sueton.
471 653 537 696 ed.
575 653 684 696 Roth
721 667 760 708 p.
792 653 831 707 8,
871 653 940 708 183
972 653 1039 695 ⁶25.
1099 653 1163 706 10,
1195 653 1267 707 153
1297 653 1364 694 21.
1395 665 1463 707 ap.
1495 651 1600 694 alios
1630 663 1741 694 com-

262 723 515 763 memoratos
544 720 789 776 reperimus.

12 855 14 858 ,
264 807 457 851 Ceterum
491 808 543 851 de
578 808 696 850 falsis
729 822 840 851 nom.
870 822 1008 864 propr.
1045 807 1353 863 „Piscinensis“
1390 811 1433 849 et
1462 806 1636 862 „Vatia“
1667 805 1741 849 cfr.

22 896 37 912 ι
91 863 95 869 ’
151 874 261 919 infra
280 876 408 918 subst.
429 875 647 931 appellat:
680 875 810 931 „pise
838 911 847 919 .
871 908 880 917 .
903 877 941 916 .“
969 882 1010 917 et
1030 874 1114 930 adj.
1142 875 1349 929 „vatrax“
1356 891 1367 930 3
1396 874 1450 916 de
1475 873 1742 928 „Anchario“

151 941 250 985 vide
278 942 427 985 subst:
458 942 730 997 ‚,angarius“3
761 941 814 984 de
837 941 1075 995 „Moetino“
1106 942 1255 985 subst.:
1285 941 1531 984 moetinus‘fi
1590 940 1742 995 „Late-

153 1007 280 1051 111118α
325 1008 431 1051 1153
474 1009 606 1063 (susp.
650 1008 693 1062 3)
737 1022 804 1063 ap.
850 1007 1019 1051 Lachm.
1064 1008 1177 1050 haud
1220 1007 1342 1050 dubie
1389 1007 1742 1063 typographicum

0 1092 11 1118 1
151 1074 349 1118 mendum
378 1088 454 1130 pro
483 1073 724 1129 ,‚lateralis“
755 1078 831 1116 est.

643 1341 697 1384 Β.
741 1341 935 1385 Nomina
963 1341 1255 1396 appellativa.

822 1476 861 1509 a.
906 1475 1077 1521 graeca.

265 1563 329 1606 De
358 1564 571 1606 vocabulis
611 1564 784 1607 Graecis
832 1570 1019 1619 acturus,
1068 1569 1168 1619 quot
1206 1564 1373 1618 quidem
1420 1563 1529 1606 inter
1566 1563 1740 1607 Latinos

156 1630 382 1686 scriptores
430 1630 543 1686 apud
587 1631 788 1673 Lucilium
847 1631 979 1674 solum
1031 1635 1175 1673 extent
1217 1630 1389 1684 tradita,
1431 1630 1647 1684 universe,
1688 1642 1745 1673 ne

154 1696 307 1739 multus
342 1697 420 1738 sim
462 1710 570 1739 neve
607 1698 730 1740 obvia
770 1698 980 1754 plerisque
1019 1711 1070 1740 ac
1103 1697 1200 1739 trita
1235 1696 1501 1751 recoquendo
1542 1695 1743 1739 molestus

155 1762 267 1817 fiam,
304 1763 371 1805 hic
409 1763 539 1805 semel
574 1763 629 1805 ad
666 1777 718 1806 ea
750 1764 949 1819 reject1u11
980 1763 1075 1806 volo
1105 1763 1316 1817 lectorem,
1357 1775 1465 1817 quae
1493 1762 1662 1805 omnino
1689 1762 1745 1806 de

155 1829 304 1873 Lucilii
339 1829 630 1872 vocabulorum
669 1831 924 1873 Graecorum
968 1844 1045 1873 usu
1097 1830 1355 1886 scripserunt
1402 1829 1447 1871 hi
1488 1829 1568 1871 viri
1611 1829 1742 1872 docti:

158 1894 286 1950 GerL,
316 1895 500 1950 Lachm.,
522 1897 621 1939 Luc.
642 1897 770 1952 Mun„
792 1897 1059 1952 Bouterwek,
1080 1897 1317 1951 Francken,
1337 1897 1523 1951 Herwig,
1545 1895 1742 1949 Triemel‚

156 1961 385 2005 Zawatski.
394 1964 424 2015 ²)

267 2029 406 2084 Atque
435 2030 589 2085 optime
620 2031 801 2073 omnium
836 2031 976 2073 multis
1015 2030 1192 2073 saeculis
1228 2034 1326 2073 ante
1349 2030 1440 2086 jam
1471 2029 1608 2081 Quint.
1645 2029 1742 2074 inst.

158 2096 197 2150 1,
216 2096 258 2150 5,
275 2096 350 2138 55:
381 2096 558 2151 „Verba,
587 2097 733 2152 inquit,
762 2101 834 2140 aut
853 2097 984 2139 latina
1006 2101 1078 2139 aut
1097 2097 1322 2152 peregrina
1352 2100 1458 2138 sunt.
1514 2096 1746 2152 Peregrina

156 2175 280 2218 porro
310 2175 366 2204 ex
386 2164 575 2205 omnibus
605 2177 735 2219 prope
756 2163 934 2206 dixerim
960 2164 1166 2219 gentibus,
1195 2168 1239 2205 ut
1260 2163 1466 2217 homines,
1494 2166 1539 2205 ut
1557 2163 1746 2206 instituta

159 2229 285 2271 etiam
321 2228 450 2271 multa
478 2234 694 2271 venerunt.
766 2230 854 2273 Sed
887 2229 994 2272 haec
1027 2229 1179 2271 divisio
1208 2243 1303 2271 mea
1336 2229 1393 2272 ad
1420 2243 1618 2284 graecum
1657 2243 1744 2272 ser-

157 2308 323 2337 monem
364 2295 589 2351 praecipue
623 2296 821 2351 pertinet:
866 2310 963 2338 nam
1001 2300 1042 2338 et
1077 2295 1260 2338 maxima
1302 2309 1356 2338 ex
1392 2300 1512 2352 parte
1547 2309 1744 2339 romanus

127 2375 134 2381 ·
156 2361 256 2405 inde
284 2375 510 2405 conversus
541 2366 606 2406 est
635 2367 677 2405 et
695 2363 899 2405 confessis
930 2376 1094 2418 quoque
1119 2363 1284 2418 graecis
1312 2363 1464 2405 utimur
1492 2363 1645 2417 verbis,
1673 2362 1745 2405 ubi

156 2433 303 2471 nostra
320 2429 484 2482 desunt,
516 2430 622 2471 sicut
650 2428 710 2470 illi
739 2443 765 2471 a
794 2430 912 2472 nobis
934 2443 1230 2484 nonnunquam
1250 2429 1524 2473 mutuantur.“
1585 2429 1743 2480 Quibus

157 2495 211 2537 ab
239 2495 333 2551 ipso
351 2496 540 2538 Romano
571 2509 662 2538 cum
685 2496 918 2539 summatim
938 2495 1179 2539 conceditur
1200 2496 1367 2539 Graeca
1385 2496 1546 2539 Latinis
1566 2497 1745 2539 miscere

277 2607 301 2651 ι)
324 2606 476 2651 Herwig,
499 2606 662 2641 Horatius
685 2608 851 2651 quatenus
874 2608 964 2642 recte
988 2607 1030 2642 de
1052 2607 1181 2642 Lucilio
1199 2606 1414 2652 judicaverit,
1437 2607 1519 2645 diss.
1542 2607 1622 2645 Hal.
1647 2607 1745 2645 1873.

272 2663 301 2706 ²)
325 2660 482 2703 Gerlach,
506 2661 592 2706 prol.
615 2661 695 2699 edit.
719 2672 799 2696 suae
822 2673 854 2707 p.
880 2661 983 2698 CXV.
1008 2673 1057 2707 sq.
1103 2662 1312 2705 Lachmann,
1337 2673 1450 2708 opusc.
1481 2662 1527 2700 Π.
1558 2674 1591 2708 p.
1622 2662 1665 2698 73
1694 2673 1745 2707 sq,

159 2716 242 2754 Luc.
266 2716 399 2758 Miiller,
423 2716 465 2752 de
487 2727 523 2751 re
539 2718 637 2754 metr.
654 2728 687 2762 p.
704 2717 748 2751 38
762 2728 814 2761 sq.
861 2717 1073 2760 Bouterwek,
1092 2717 1214 2754 Philol.
1230 2717 1389 2759 XXXII„
1414 2718 1510 2754 1873.
1558 2716 1744 2761 Francken,

158 2771 379 2816 Mnemosyne
401 2771 424 2807 l.
447 2772 470 2808 l.
493 2783 527 2817 p.
551 2772 628 2808 252.
674 2772 825 2818 Herwig,
850 2773 931 2809 diss.
955 2784 988 2818 p.
1012 2773 1056 2807 22
1078 2784 1129 2818 sq.
1185 2771 1344 2814 Triemel,
1366 2773 1480 2808 Ueber
1502 2772 1653 2808 Lucilius
1674 2772 1746 2808 und

159 2827 232 2861 sein
265 2826 477 2862 Verhsltniss
510 2837 551 2861 zu
587 2827 708 2869 Horaz,
743 2827 862 2872 Progr.
892 2827 1092 2864 Kreuznach
1130 2829 1226 2865 1878.
1294 2828 1474 2871 Zawatsffi,
1509 2830 1676 2873 quatenus
1708 2828 1746 2862 in

159 2881 274 2916 safiris
303 2880 466 2916 Horatius
494 2882 653 2917 videatur
680 2883 835 2919 imitatus
867 2894 940 2918 esse
970 2883 1149 2925 Lucilium,
1179 2883 1260 2920 diss.
1289 2884 1367 2919 Hal.
1402 2885 1482 2921 1881
1517 2895 1552 2929 p.
1573 2886 1594 2920 7
1621 2883 1747 2929 aliique

160 2936 273 2979 multi,
295 2937 391 2972 velut
412 2936 617 2980 Mommsen,
640 2938 738 2976 Rom.
762 2937 886 2975 Gesch.
908 2939 973 2977 Bd,
997 2939 1027 2976 1.
