1910 3034
699 96 708 99 ,
732 84 743 87 -
760 74 818 83 1..
909 45 964 91 21

102 227 108 229 .
140 173 220 220 Γ
266 179 282 229 'vs
303 216 316 239 ‚
352 196 464 245 cum.
479 182 588 228 haec
616 183 866 240 significatio
902 183 1059 240 optime
1095 181 1152 226 ad
1189 193 1362 223 sensum
1382 179 1498 223 vocis
1518 179 1738 235 „ferverc“
1781 231 1783 233 Ι

48 238 175 309 ,gfff
194 262 239 295 a.
267 265 370 307 „sca
460 252 487 275 “
517 267 549 295 s.
580 251 806 306 „refertum
837 253 962 295 esse“
990 250 1178 306 quadret.

254 340 411 398 psila,
443 355 509 395 ae,
547 341 573 385 i.
611 355 648 384 c.
684 342 869 396 tegimen
905 355 989 384 una
1026 346 1145 396 parte
1175 339 1382 392 villosum,
1418 338 1554 381 altera
1582 351 1738 392 rasum,

142 421 185 452 v.
213 408 270 452 35
297 409 354 464 (1,
383 409 476 461 280:
507 408 670 465 „psilae
697 412 824 463 atque
853 407 1123 463 amphitapoe
1154 406 1265 448 villis
1295 405 1522 461 ingentibu'
1547 403 1736 447 mollcs“.

145 473 326 519 Glossae
355 475 560 519 Labbaei:
590 475 802 529 „auleumz
825 474 934 530 ψιλή
941 475 983 528 ‚·“
1010 473 1134 516 simili
1155 486 1281 515 sensu
1301 476 1344 514 et.
1362 486 1440 515 usu
1460 485 1527 527 ap.
1550 471 1738 514 Graecos

141 541 230 598 adj.
267 542 468 596 ,,ψιλός“,
506 541 618 584 velut
652 556 720 598 ap.
759 542 881 584 Hom.
913 540 990 584 Od.
1025 541 1087 593 13,
1124 540 1206 581 437
1244 542 1286 582 et
1321 539 1393 580 Ar.
1432 537 1604 580 Thesm.
1634 537 1737 579 227:

145 607 300 666 δέρμας
329 610 452 661 ψιλαὶ
479 610 674 666 περσικαὶ
702 623 769 664 ap.
800 608 895 651 Ath.
925 608 965 661 5,
998 607 1116 648 1971).
1147 631 1202 637 --
1232 605 1315 648 Ofr.
1347 605 1391 648 S.
1421 604 1506 646 ind.
1537 618 1579 660 p.
1608 603 1676 646 69.

253 697 452 751 atomis,
496 697 590 750 idis,
627 711 667 740 v.
704 698 786 739 429
821 698 907 749 (15,
947 697 1036 749 17):
1081 695 1266 750 „truleus
1302 708 1378 750 pro
1416 693 1594 736 stomide
1639 692 1737 735 huic

140 764 292 820 ingens
327 763 382 806 de
418 764 578 807 naribu’
617 764 811 820 pendet“.
885 763 1017 806 Codd.
1059 764 1166 806 Non.
1203 777 1245 818 p.
1283 763 1351 815 ⁴2⁶2,
1386 761 1461 803 25:
1498 759 1736 815 „Postomis

141 830 289 874 dicitur
323 831 489 883 ferrum,
529 831 641 886 quod
676 831 732 873 ad
769 830 1045 874 cohibendam
1082 843 1283 883 equorum
1319 828 1527 870 tenaciam
1563 827 1735 870 naribus

0 829 14 959 i
139 896 210 941 vel
246 897 404 940 morsui
441 897 678 953 imponitur,
714 911 881 953 graece,
922 895 1008 942 ἀπὸ
1051 899 1131 941 τοῦ
1174 896 1391 952 στόματος.
1458 893 1663 936 Lucilius:
1706 897 1735 938 t.

0 964 42 1065 ἱ·
135 963 375 1020 postomide
405 963 500 1006 huic
530 978 565 1007 e.
598 980 638 1019 q.
669 967 732 1006 s.“
779 964 859 1006 Hic
878 978 954 1019 pro
974 964 1172 1006 mutilatis
1203 963 1447 1006 lectionibus
1474 961 1736 1017 ‚,postomis“

137 1035 181 1074 et
195 1029 490 1086 ‚,postomide“
507 1044 590 1072 una
606 1030 743 1072 littera
764 1030 910 1072 addita
925 1031 1132 1073 Graecum
1149 1029 1425 1084 compositum
1443 1030 1733 1085 ,,προστομίς“

0 1084 19 1149 ξ
135 1095 262 1139 facile
290 1096 450 1140 restitui
479 1101 636 1153 posset,
666 1097 702 1139 si
723 1111 894 1140 sensum
913 1097 1037 1140 totius
1059 1111 1208 1140 versus
1230 1097 1291 1139 sic
1309 1096 1444 1150 magis
1465 1095 1733 1151 perspicuum

0 1163 22 1174 ⁸
135 1162 229 1206 fieri
256 1167 480 1207 constaret.
541 1164 633 1215 Qua
663 1179 740 1219 spe
768 1163 968 1220 deceptus
993 1165 1084 1220 jam
1105 1163 1340 1206 Salmasius
1368 1163 1546 1206 feliciter
1564 1166 1733 1218 „posto-

0 1225 12 1250 ¹
136 1229 278 1273 mide“
322 1230 365 1272 in
401 1245 505 1287 „pro
544 1231 750 1274 stomide“
792 1232 968 1274 mutavit
1006 1235 1047 1274 et
1084 1230 1265 1284 discidit,
1305 1229 1464 1273 scilicet
1496 1229 1567 1277 ita,
1611 1233 1657 1272 ut
1690 1229 1735 1271 in

136 1295 333 1340 lemmate
375 1298 499 1340 Nonii
546 1298 747 1352 „stomis“
790 1311 866 1353 pro
910 1298 1168 1353 „postomis“
1217 1297 1434 1339 scribatur.
1512 1297 1734 1352 ,,Στομι’ς“

137 1367 350 1406 servatum
386 1365 507 1407 nobis
547 1369 612 1407 est
646 1379 713 1420 ap.
751 1364 937 1420 Hesych.
975 1368 1017 1406 et
1054 1379 1123 1419 ap.
1160 1363 1264 1407 Poll.
1305 1364 1369 1417 10,
1405 1363 1473 1417 56,
1508 1362 1591 1416 ubi,
1621 1362 1734 1417 quod

135 1434 280 1474 nostro
323 1445 488 1486 quoque
532 1431 623 1474 loco
666 1431 815 1474 melius
859 1431 1066 1485 convenit,
1110 1430 1289 1473 tibicinis
1333 1429 1508 1472 fasciam
1554 1444 1577 1472 c
1620 1429 1733 1471 corio

133 1496 303 1551 factam,
331 1511 456 1552 quam
486 1498 548 1540 ori
578 1511 791 1553 apponere
821 1497 940 1551 solet,
972 1497 1193 1552 significat.
1224 1522 1278 1527 —
1308 1496 1502 1539 Ceterum
1533 1495 1732 1551 videnda,

137 1577 247 1619 quac
274 1563 330 1608 Μ.
360 1563 403 1606 111
432 1578 579 1608 comm.
610 1579 649 1620 p.
680 1564 763 1607 238
793 1564 990 1620 explicat.
1020 1589 1075 1594 —
1103 1563 1188 1606 Gfr.
1219 1564 1262 1606 S.
1293 1563 1378 1606 ind.
1410 1578 1450 1618 p.
1482 1563 1548 1605 77.

245 1652 452 1696 thauma
494 1654 520 1696 i.
565 1668 600 1697 e.
646 1653 902 1708 miraculum,
946 1667 984 1697 v.
1029 1654 1108 1696 201
1154 1654 1210 1708 (6,
1244 1654 1334 1707 20);
1370 1672 1538 1690 —W
1564 1672 1733 1690 ——w

135 1718 333 1773 „thauma
361 1722 512 1775 mega“
541 1720 674 1775 inquit
700 1720 824 1764 balba
855 1734 1043 1763 sororem
1072 1719 1280 1763 lanificam
1310 1721 1404 1774 dici,
1427 1721 1581 1763 siccam
1603 1723 1733 1776 atque

133 1785 382 1829 abstemiam
425 1787 494 1830 ubi
541 1786 698 1830 audit“.
776 1788 859 1830 Pro
903 1788 1010 1830 Non.
1053 1787 1119 1839 68,
1163 1788 1236 1830 26:
1280 1787 1618 1841 ,‚thaun0meno“
1662 1787 1733 1830 vel

133 1851 493 1905 „thaunumeno“‚
544 1853 656 1909 quod
705 1867 832 1896 sensu
880 1854 1049 1897 omnino
1098 1858 1233 1909 caret,
1276 1854 1504 1898 Mercerius
1554 1857 1639 1910 (ap.
1680 1854 1731 1898 G.

134 1932 175 1974 p.
217 1919 393 1973 LXIII.)
437 1920 778 1974 ,‚chaun0mene“
820 1921 847 1964 i.
893 1933 928 1964 e.
974 1920 1312 1978 ,,χαυνουμένη“
1355 1920 1475 1963 verbi
1511 1921 1623 1976 quod
1666 1924 1733 1963 est

133 1987 438 2042 ,,χαυνοῦμαι“
469 1986 510 2030 11.
541 2001 577 2029 e.
608 1987 832 2041 „superbia
860 1986 1028 2030 inflatus
1059 1989 1178 2029 sum“
1209 1987 1389 2042 conjecit
1417 1991 1550 2030 metro
1584 1987 1731 2043 dacty-

132 2051 214 2095 lico
242 2053 392 2095 mirum
419 2052 463 2094 in
492 2052 661 2095 modum
691 2053 902 2108 neglecto,
933 2054 1120 2094 Diintzer
1151 2055 1471 2109 ,,θαυμαστῶς“
1500 2053 1570 2095 vel
1591 2060 1729 2107 „flav-

132 2119 324 2175 puoto&
344 2132 567 2174 perperam
588 2119 639 2161 ob
661 2118 838 2161 eandem
859 2132 1050 2166 causam:
1073 2118 1224 2161 rectius
1245 2119 1376 2162 Maur.
1399 2120 1539 2175 Haupt
1563 2119 1730 2174 (Philol.

133 2183 204 2238 IL,
238 2185 336 2239 489,
372 2184 526 2240 Opusc.
563 2185 596 2226 I.
635 2185 733 2238 202)
769 2184 1076 2238 „thaumaeno“
1107 2184 1130 2226 i.
1164 2198 1199 2227 e.
1230 2188 1460 2240 θαυμαίνω
1490 2186 1729 2242 (θαυμάζω)

134 2265 204 2306 ap.
234 2250 355 2293 Hom.
386 2250 466 2293 Od.
504 2251 543 2304 8,
583 2251 681 2305 1083
719 2250 839 2294 Pind.
878 2250 942 2294 Ol.
973 2251 1011 2301 3,
1042 2252 1115 2304 343
1148 2251 1358 2294 Callicrat.
1389 2252 1504 2295 Stob.
1540 2252 1630 2295 flor.
1660 2254 1727 2307 85,

95 2321 98 2324 '
138 2317 189 2360 17
227 2317 437 2371 traditum,
468 2317 578 2372 quod
610 2317 778 2372 quidem
808 2324 951 2359 nostro
983 2317 1074 2359 loco
1105 2318 1267 2372 penitus
1305 2332 1522 2361 caesuram
1551 2319 1729 2363 tollere-t.

137 2384 231 2436 Quo
259 2384 361 2426 vitio
391 2384 521 2426 vitato
559 2384 606 2425 L.
643 2386 845 2439 (prooem.
882 2383 972 2427 lect.
1010 2388 1114 2427 aest.
1153 2384 1265 2426 univ.
1295 2385 1434 2429 Berol.
1467 2386 1587 2439 1851,
1617 2401 1657 2441 p.
1687 2387 1727 2439 3,

135 2448 204 2494 Kl,
227 2449 344 2492 Schr.
374 2464 415 2506 p.
447 2451 515 2501 73)
545 2449 744 2502 „thauma
773 2451 897 2492 men“
926 2455 967 2492 et
996 2450 1241 2504 rectissime,
1273 2451 1385 2506 quod
1414 2452 1569 2507 optimc
1600 2452 1728 2508 sylla-

134 2516 280 2559 barum
328 2516 644 2571 lit-terarumque
692 2516 903 2558 mutilatae
953 2518 1069 2559 vocis
1117 2517 1454 2570 „thaununienc“
1501 2518 1730 2574 respondet

135 2596 321 2636 numero,
348 2582 405 2624 M.
436 2585 616 2639 ,,θαῦμα
643 2582 779 2638 μέγα“
808 2582 1000 2625 restitnit.
1029 2608 1085 2613 —
1115 2583 1197 2626 Cfr.
1228 2584 1399 2638 Lac-hm,
1429 2585 1455 2627 l.
1486 2585 1533 2627 l.:
1578 2586 1730 2639 „balba

135 2649 284 2692 mulier
321 2649 481 2703 dicitur,
520 2662 627 2704 quae
658 2663 750 2691 cum
781 2649 1062 2704 graecissaret
1090 2649 1185 2692 illas
1215 2651 1257 2692 in
1287 2652 1405 2694 theta
1434 2651 1595 2695 litteras
1625 2651 1726 2694 deli-

136 2715 225 2758 cias
260 2715 314 2758 ab
350 2728 423 2758 ore
459 2717 608 2758 Latino
645 2715 807 2758 alienas
844 2715 1118 2771 adfectaret“;
1155 2717 1287 2760 Maur.
1319 2718 1471 2774 Haupt.
1503 2718 1528 2761 l.
1560 2718 1606 2760 l.:
1638 2718 1727 2772 „Zu

136 2781 214 2824 der
242 2782 427 2825 Ziererei
469 2782 544 2825 der
581 2782 863 2838 Aussprache,
915 2782 982 2824 die
1025 2783 1149 2825 balba
1192 2784 1450 2837 bczeichnct,
1495 2790 1613 2840 passt
1658 2784 1728 2826 die

135 2848 320 2891 Ziererei
356 2848 433 2891 des
462 2848 765 2904 griechischen,
795 2848 1000 2892 natiirlich
1029 2849 1212 2892 ironisch
1242 2851 1479 2905 gemeiuten
1509 2851 1726 2902 Wortes“;

134 2913 191 2956 M.
221 2927 367 2959 comm.
398 2929 439 2970 p.
470 2916 564 2957 ⁶215.
