1910 3034
126 195 165 252 ⁴²
178 227 326 283 inquit,
355 241 393 271 e.
414 242 455 284 q.
486 229 550 270 s.“
577 227 647 271 vel
670 228 808 283 potius
829 241 924 271 cum
944 213 1203 272 Baehrensio
1233 226 1318 282 (ap.
1339 224 1534 267 Bursian.
1557 223 1670 266 1878

38 291 45 296 '
178 307 219 350 p.
250 293 371 348 168):
406 326 446 347 ,‚.
468 327 479 337 .
501 326 511 336 .
542 293 745 347 Samiam,
771 294 906 349 „„tibi
933 308 1018 338 anu
1046 293 1241 337 noceo““
1274 290 1422 346 inquit,
1452 303 1491 333 e.
1528 304 1569 344 q.
1602 289 1666 333 S.“

185 359 343 416 optime
370 359 572 416 legamus.

279 426 311 479 ³)
345 425 431 482 adj.
469 426 779 482 „myctyris“
815 426 844 470 i.
881 439 918 469 e.
954 426 1064 479 vilis,
1102 425 1214 480 quod
1249 425 1294 467 in
1328 435 1477 466 comm.
1513 435 1555 476 p.
1590 420 1674 462 243

183 490 271 536 ἀπὸ
298 493 379 536 τσῦ
407 490 588 547 μύσσειν
617 491 645 533 1.
676 505 710 534 e.
743 491 914 546 emungi
935 491 1114 545 derivat,
1142 491 1199 532 M.
1228 503 1304 546 pro
1335 487 1526 532 codicum
1546 487 1673 529 Noni-

185 570 360 600 anorum
389 570 430 612 p.
463 557 555 611 137,
574 557 629 599 28
650 556 827 606 lectione
848 557 1094 613 „mictyris“
1124 570 1150 598 a
1170 555 1342 599 Lachm.
1372 554 1491 598 uncis
1510 552 1674 595 inclusa

183 623 230 665 in
247 626 445 666 contextu
466 622 606 677 posuit
626 622 664 665 h.
688 636 833 664 versu:
864 622 1173 678 „pulmentaria
1193 626 1235 664 et
1254 621 1419 664 intubus
1440 623 1513 663 aut
1531 618 1674 674 aliqua

188 688 234 731 id
252 701 385 744 genus
406 687 537 731 herba
567 691 608 730 et
630 687 701 743 jus
723 701 940 730 menarum
958 688 1066 731 bene
1086 687 1225 741 habet,
1257 687 1319 729 sei
1339 686 1544 742 myctyris
1566 685 1684 727 haec'

186 755 293 797 est.“
364 753 452 796 Sed
487 753 603 796 aliud
638 753 723 809 huj.
761 767 851 796 voc.
890 753 1128 809 exemplum
1163 766 1297 807 neque
1334 753 1446 808 apud
1483 753 1670 795 Graecos

186 832 321 874 neque
349 832 418 874 ap.
438 819 612 861 Latinos
643 822 783 862 exstat
803 819 976 875 ejusque
995 819 1105 862 fictio
1135 824 1176 862 et
1204 818 1409 862 derivatio
1439 833 1466 861 a
1486 819 1534 862 L.
1554 817 1672 861 Mun.

183 885 402 943 proposita
430 885 703 928 vehementer
722 886 893 928 vacillat
922 890 964 928 et
992 886 1082 928 veri
1112 886 1214 928 satis
1236 885 1453 927 dissimilis
1484 889 1566 941 est3
1598 884 1671 927 cfr.

186 952 233 997 F.
261 965 303 1008 p.
333 951 428 994 253.
498 951 622 1002 Quod
651 951 820 995 Lachm.
851 952 896 993 in
924 955 1067 994 annot.
1098 966 1137 1007 p.
1169 952 1221 994 97
1252 951 1351 994 edit.
1381 951 1544 994 cautius
1573 964 1671 993 con-

179 1018 313 1075 jicere
349 1022 540 1060 conatur:
577 1051 586 1059 .
618 1052 627 1062 .
659 1052 669 1061 .
701 1050 711 1059 .
741 1018 808 1073 „si
836 1018 1011 1074 mystila
1046 1018 1091 1072 (i.
1125 1031 1162 1060 e.
1193 1017 1387 1072 frustum)
1424 1018 1538 1060 sicca
1566 1017 1671 1071 est,“

185 1085 390 1140 siquidem
420 1085 602 1140 vestigia
630 1083 861 1140 scripturae
882 1082 1071 1127 codicum
1091 1089 1290 1139 quantum
1318 1084 1502 1127 maxime
1531 1086 1673 1140 potest

183 1151 406 1196 retinenda
435 1155 540 1204 sunt,
571 1164 656 1194 non
685 1152 792 1194 bene
823 1150 1014 1206 quadrat.
1073 1151 1206 1194 Immo
1236 1151 1392 1207 optime
1420 1164 1524 1193 vera
1552 1151 1672 1193 resti-

187 1218 315 1261 tuitur
348 1217 484 1271 lectio,
522 1218 559 1260 si
588 1231 680 1260 cum
713 1217 995 1271 Quicheratio,
1031 1231 1119 1259 rev.
1149 1217 1264 1259 arch.
1294 1217 1479 1259 XXXII.
1517 1231 1558 1272 p.
1589 1217 1674 1258 360

184 1298 262 1341 pro
293 1284 548 1340 „myctyris“
582 1284 785 1326 scribatur
815 1283 1050 1338 „mictilis“,
1080 1283 1134 1326 de
1163 1297 1244 1338 quo
1275 1283 1347 1326 cfr.
1377 1284 1498 1327 infra.

281 1365 311 1414 ⁴)
342 1362 476 1403 Versu
504 1361 587 1403 443
618 1362 702 1415 (15,
723 1361 795 1415 32)
826 1361 1026 1403 exhibent
1056 1360 1178 1403 codd.
1198 1361 1381 1403 Noniani
1409 1375 1450 1417 p.
1479 1361 1576 1414 536,
1599 1361 1671 1403 17:

189 1428 295 1484 „scit
328 1428 524 1484 poeticon
560 1440 668 1482 esse,
706 1427 833 1482 videt,
870 1428 1011 1476 tunica
1047 1433 1089 1469 et
1118 1432 1219 1483 toga
1253 1427 1354 1483 quid
1385 1428 1479 1482 sit,“
1518 1427 1588 1470 ubi
1615 1427 1671 1470 M.

184 1507 262 1550 pro
306 1493 551 1550 „poeticon“
598 1492 797 1548 conjecit:
844 1493 1158 1548 „poletic0n“
1204 1493 1231 1535 i.
1276 1507 1312 1537 e.
1357 1493 1573 1550 pertinens
1617 1492 1674 1536 ad

186 1559 485 1614 venditionem,
523 1560 635 1615 quod
670 1559 757 1616 adj.
787 1560 1094 1617 ,,πωλητικός“
1125 1557 1197 1604 ἅπ.
1235 1565 1320 1616 λεγ.
1358 1563 1424 1603 est
1459 1574 1528 1616 ap.
1565 1559 1673 1603 Plat.

189 1626 319 1683 Soph.
348 1627 434 1669 224
461 1626 502 1668 d.
561 1626 718 1668 Contra
747 1627 852 1669 bene
882 1626 931 1669 Ο.
961 1627 1107 1670 Keller
1136 1627 1273 1681 (Neue
1300 1627 1447 1669 Jahrb.
1477 1627 1543 1668 fiir
1564 1625 1673 1669 Phil.

190 1693 271 1735 109
289 1707 329 1748 p.
355 1693 439 1735 274
459 1692 591 1747 sqq.):
624 1692 904 1748 „poleticon“,
934 1694 1079 1748 inquit,
1110 1693 1165 1734 ist
1186 1693 1368 1748 sinnlos;
1399 1692 1674 1747 mindestens,

186 1772 314 1802 wenn
347 1773 446 1801 man
475 1758 544 1801 die
573 1759 719 1801 Worte
748 1759 825 1802 auf
849 1759 972 1802 einen
1001 1759 1309 1802 Kleinhandler
1336 1759 1514 1814 bezieht,
1553 1759 1675 1802 sollte

188 1839 236 1868 es
268 1826 522 1881 „poleticos“
545 1826 728 1880 heissen,
757 1826 844 1868 und
862 1826 942 1868 wie
962 1825 1370 1869 unwahrscheinlich
1398 1827 1455 1869 ist
1482 1839 1544 1881 es,
1573 1825 1676 1868 dass

189 1892 308 1935 Lucil
337 1891 429 1934 dies
458 1892 609 1934 hochst
645 1892 806 1935 seltene
835 1893 955 1935 Wort
992 1889 1083 1946 (ἅπ.
1114 1893 1217 1949 λεγ.)
1253 1893 1485 1948 gebraucht
1511 1893 1615 1936 hat.
1637 1894 1676 1937 .“

187 1958 438 2002 Rectissime
467 1959 592 2014 igitur
628 1959 742 2001 haud
772 1958 895 2002 dubie
924 1959 1074 2002 Junius
1110 1964 1151 2002 et
1181 1959 1252 2010 Q.:
1283 1959 1590 2016 ,,ποιητικόν“,
1627 1959 1675 2001 L.

193 2017 435 2082 „poetic0n“
468 2026 812 2080 emendaverunt,
841 2026 913 2080 ita,
943 2030 1002 2079 ut,
1034 2026 1070 2069 si
1092 2025 1308 2068 Kellerum
1337 2026 1364 2070 l.
1395 2026 1421 2070 l.
1452 2026 1678 2081 sequimur,

190 2092 260 2135 hic
294 2091 370 2135 fiat
397 2106 547 2136 sensus
584 2093 711 2135 totius
740 2107 909 2136 versus:
954 2094 1069 2147 „Der
1100 2093 1277 2147 (Weise)
1309 2093 1436 2135 weiss
1465 2092 1680 2147 Dichtung

189 2159 277 2202 und
305 2159 524 2202 Wahrheit
553 2174 603 2202 zu
631 2159 967 2213 unterscheiden‚
1006 2173 1051 2201 er
1080 2159 1221 2214 weiss,
1261 2173 1351 2202 was
1381 2160 1469 2202 Hut
1502 2159 1557 2201 ist
1592 2158 1678 2201 und

191 2240 283 2269 was
312 2227 497 2268 Haube.“

771 2392 807 2437 b.
840 2392 993 2437 latina:

194 2480 238 2534 α)
280 2446 347 2523 ad
391 2480 601 2536 adjectiva
644 2480 775 2523 latina
816 2494 844 2523 a
879 2480 1039 2523 Lucilio
1083 2479 1174 2522 solo
1211 2483 1413 2534 usurpata
1450 2477 1543 2534 jam
1586 2490 1680 2520 cum

82 2549 318 2601 transeam,
361 2547 413 2589 ab
455 2547 507 2588 iis
546 2546 765 2588 exordium
808 2551 926 2602 peto,
970 2559 1080 2601 quae
1117 2560 1210 2588 cum
1251 2558 1337 2588 non
1371 2544 1534 2600 possint
1571 2543 1680 2586 ultro

84 2611 272 2667 intellegi
324 2612 661 2667 haudquaquam
703 2611 870 2655 dubium
922 2616 1006 2667 est,
1055 2612 1155 2667 quin
1209 2625 1293 2654 non
1350 2610 1533 2654 Lucilius
1589 2611 1682 2666 ipse

83 2677 265 2721 finxerit.
323 2678 450 2722 Sunt:

195 2744 431 2788 remillus
460 2745 486 2788 i.
517 2758 554 2787 e.
574 2744 802 2800 repandus,
833 2759 874 2787 v.
897 2745 1003 2786 1107
1026 2744 1124 2798 (inc.
1147 2744 1263 2797 104):
1298 2744 1431 2799 „suda
1461 2762 1682 2783 v—vv

83 2828 252 2851 —vv
270 2830 437 2850 —vv
455 2831 567 2851 —v
596 2811 843 2854 remillum‘fl
915 2812 1023 2854 Nam
1058 2810 1178 2853 Paul.
1214 2810 1323 2854 diac.
1364 2825 1404 2866 p.
1446 2810 1546 2851 137.
1590 2821 1682 2862 „re

85 2875 246 2919 millum
273 2875 424 2920 dicitur
453 2877 576 2932 qnasi
604 2877 860 2933 repandum“
894 2882 935 2920 et
963 2877 1077 2919 Fest.
1108 2891 1148 2932 p.
1178 2877 1273 2931 277,
1302 2877 1377 2920 20:
1411 2889 1482 2931 „re
1508 2875 1683 2931 (millum

0 2923 40 3001 ξ
86 2941 237 2986 dieitur
265 2943 388 2998 quasi
416 2943 648 3000 repandum
680 2942 908 3001 [suppleiit
926 2943 982 2986 M.
983 2942 1039 3000 ]):
1070 2942 1254 2986 Lucilius
1282 2942 1417 2999 „suda
1435 2942 1685 2996 remilium“,

0 3011 54 3034 tf:
