1910 3034
1018 9 1073 53 34

256 146 512 201 praeteriens
563 144 711 187 Lucilii
766 143 900 186 locum
958 150 1177 187 memorat:
1237 145 1499 200 „bovinator:
1543 146 1836 192 conviciatur“.

255 213 440 267 Utraque
460 210 746 268 interpretatio
766 210 919 265 glossis
941 209 1119 252 diversis
1141 211 1418 266 confirmatur,
1447 212 1561 255 velut
1584 212 1747 256 Placidi
1766 214 1838 257 13:

257 279 519 335 „bovinat0r:
549 279 725 320 tricosus
756 281 797 319 et
816 276 1083 318 inconstans“
1115 280 1159 319 et
1176 277 1398 319 Philoxeni
1427 292 1466 334 p.
1498 279 1565 333 31,
1593 279 1667 322 26:
1698 280 1838 336 „bovi—

256 350 443 388 natores:
487 345 788 401 θορυβοποιοὶ,
825 342 998 399 θρύμον
1032 345 1257 396 ποιοῦντες
1292 342 1322 400 ἢ
1355 343 1568 402 ταραχὴν,
1613 345 1689 388 sed
1732 359 1839 402 quae

252 417 366 455 recta
403 413 456 454 sit
492 418 532 454 et
569 425 668 454 vere
699 409 914 453 Luciliana
942 409 1163 465 dijudicari
1192 411 1345 466 nequit.
1419 411 1609 467 Scaliger
1643 411 1700 455 ad.
1733 412 1759 457 l.
1797 413 1838 468 1.‚

253 479 465 531 Doederl.‚
503 492 653 534 synon.
684 481 725 520 et
755 481 880 533 etym.
911 477 980 520 Ἦ.
1012 491 1052 532 p.
1082 477 1149 532 41,
1179 477 1232 521 Μ.
1274 480 1436 531 (comm.
1468 491 1509 534 p.
1538 478 1637 534 233)
1665 478 1839 522 Paulum

253 550 479 600 sequuntur
509 544 600 586 sine
628 543 713 586 ulla
742 542 947 598 probabili
977 556 1117 598 causa,
1154 547 1198 586 ut
1227 544 1355 587 L'owe
1392 543 1531 600 lepide
1559 544 1838 601 demonstrat3

253 612 343 667 ipse
374 625 448 654 suo
471 611 566 666 jure
597 611 639 653 in
659 610 797 653 medio
826 623 914 652 rem
935 609 1251 665 relinquendam
1281 624 1376 653 esse
1406 615 1563 654 censet.
1621 611 1704 654 Ofr.
1733 611 1841 654 infra

252 692 341 722 voc.
375 678 618 733 „trieosus“.

365 759 694 798 succussator
724 755 764 796 h.
795 768 831 797 e.
862 768 1005 809 equus,
1036 755 1105 809 qui
1135 755 1300 798 duriore
1329 769 1477 811 gressu
1507 769 1716 799 sessorem
1745 770 1840 800 con-

251 822 351 865 cutit
381 823 462 878 (sic
491 823 628 875 Fore.)
660 838 693 864 s.
725 835 846 876 quem
882 836 958 863 nos
989 821 1163 864 dicimus
1202 822 1436 878 „Stesser“,
1481 836 1519 866 v.
1559 823 1612 865 72
1648 823 1712 878 (3,
1749 823 1840 877 33):

254 889 579 945 „succussatoris
616 889 737 931 taetri
773 888 966 943 tardique
1001 888 1191 932 caballi“.
1264 889 1507 932 Derivatum
1551 893 1616 932 est
1651 904 1678 932 a
1713 891 1841 933 verbo

254 969 500 998 succussare
530 954 574 1011 (i.
605 968 640 997 e.
671 954 875 1010 frequent.
920 956 1055 999 verbi:
1100 958 1348 1010 succutere),
1394 956 1506 1011 quod
1538 956 1703 1012 Accius,
1732 960 1838 1013 trag.

252 1023 333 1065 568
362 1037 430 1078 ap.
461 1022 508 1066 O.
539 1022 656 1066 Ribb.
687 1026 792 1078 trag.
823 1023 1015 1079 praebet3
1045 1027 1266 1079 praeterea
1296 1024 1639 1079 „succussatura“
1675 1037 1841 1079 quoque

252 1103 319 1144 ap.
351 1090 455 1132 Non.
490 1090 553 1143 17,
584 1090 638 1131 24
666 1089 887 1133 invenitur.
916 1115 973 1123 »-
1002 1089 1084 1133 Gfr.
1115 1091 1164 1133 R.
1196 1089 1222 1131 l.
1253 1089 1278 1134 l.
1309 1105 1348 1146 p.
1381 1091 1446 1134 62.
1883 1099 1886 1105 '

363 1180 639 1209 succussor
667 1167 693 1212 i.
725 1181 760 1210 e.
783 1171 1057 1222 succussator,
1088 1167 1321 1211 derivatum
1350 1182 1377 1210 a
1406 1169 1532 1211 verbo
1562 1170 1841 1224 „succutere“,

250 1248 288 1277 v.
326 1234 409 1276 424
445 1234 528 1289 (15,
570 1235 658 1289 15):
706 1234 841 1290 „hunc
877 1235 978 1278 nulli
1013 1249 1184 1290 passum
1230 1235 1301 1290 qui
1335 1235 1482 1278 vicerit
1516 1239 1642 1291 atque
1680 1235 1841 1279 duobus

252 1301 489 1357 Campanus
521 1301 690 1357 sonipes
722 1315 944 1344 succussor
972 1301 1108 1344 nullus
1141 1302 1378 1356 sequetur.“

362 1378 519 1430 Quibus
551 1379 595 1421 in
622 1405 677 1410 —
707 1394 754 1422 or
783 1380 910 1423 finitis
941 1380 1022 1423 hoc
1051 1379 1312 1423 addendum:

361 1445 556 1488 deletio
585 1446 612 1488 i.
644 1459 679 1490 e.
702 1447 936 1502 exstinctio,
966 1447 1169 1500 interitus,
1200 1461 1239 1490 v.
1263 1447 1342 1489 758
1363 1447 1445 1502 (29,
1470 1447 1530 1501 1);
1564 1446 1841 1503 „deletionem

248 1512 381 1554 nostri
423 1512 478 1555 ad
508 1527 634 1555 unuln
665 1514 917 1556 exe1·eitus“.
976 1513 1087 1557 Satis
1118 1527 1211 1556 cum
1242 1517 1404 1556 constet
1442 1513 1645 1556 Lucilium
1673 1517 1841 1558 antece·

250 1579 435 1622 dentium
473 1583 689 1636 poetarum
718 1580 961 1623 Latinorum
997 1580 1067 1624 vel
1098 1581 1353 1624 Graecorum
1392 1594 1540 1624 versus
1577 1581 1715 1624 satiris
1754 1581 1840 1624 suis

250 1646 435 1689 inserere
471 1660 556 1689 non
591 1661 827 1702 recusasse,
863 1647 1005 1690 nescio
1042 1662 1096 1690 an
1128 1648 1225 1704 jure
1261 1647 1310 1691 Ο.
1347 1647 1536 1690 Ribbeck
1577 1652 1686 1703 trag.
1721 1647 1841 1690 Rom.

247 1713 367 1768 frgm.
412 1728 451 1769 p.
490 1714 571 1756 273
610 1714 737 1757 etiam
774 1714 883 1757 hunc
916 1727 1083 1757 versum
1120 1714 1267 1770 tragici
1304 1713 1521 1770 cujusdam
1555 1713 1703 1756 incerti
1745 1727 1842 1756 esse

250 1780 475 1836 conjecerit
518 1781 583 1823 his
621 1794 675 1823 ex
711 1781 871 1823 causis:
918 1781 1231 1837 „Graecanicae
1276 1781 1378 1824 artis
1421 1780 1553 1824 habes
1594 1780 1841 1836 trimetrum3

247 1848 378 1890 verba
406 1848 474 1890 vel
503 1847 556 1889 de
579 1847 835 1889 Graecorum
861 1847 991 1903 Troja
1019 1847 1280 1890 redeuntium
1300 1847 1521 1902 naufragio
1550 1846 1621 1890 vel
1648 1847 1693 1889 in
1710 1846 1842 1890 Paulo

249 1914 420 1956 Pacuvii
450 1914 503 1956 de
534 1914 653 1956 clade
675 1914 888 1956 Cannensi
918 1915 1110 1970 usurpari
1140 1914 1371 1971 poterunt.“
1431 1913 1518 1956 Sed
1546 1917 1768 1969 utcumque
1796 1927 1843 1956 re

246 1994 348 2022 vera
375 1994 443 2022 res
475 1993 570 2023 sese
598 1980 736 2034 habet,
767 1994 844 2023 nos
875 1981 1043 2036 quidem
1074 1981 1243 2036 optime,
1273 1981 1468 2036 quoniam
1497 1984 1653 2023 certum
1681 1979 1841 2036 aliquid

247 2047 471 2102 nescimUS,
502 2047 637 2091 Nonio
657 2062 697 2103 p.
720 2048 786 2103 94,
809 2048 831 2089 7
854 2047 1088 2103 credamus,
1119 2048 1189 2102 qui
1215 2047 1288 2090 illa
1316 2049 1446 2091 verba
1476 2061 1530 2090 ex
1551 2046 1711 2090 Lucilio
1741 2060 1838 2090 sese

250 2114 480 2170 sumpsisse
511 2115 740 2158 confirmat.

358 2204 422 2259 21⁴)
458 2203 636 2258 Reliqua
674 2204 765 2246 sine
801 2204 887 2246 ulla
923 2203 1180 2246 dubitatione
1222 2218 1248 2247 a
1287 2203 1445 2247 Lucilio
1481 2216 1536 2246 ex
1570 2207 1759 2259 tempore
1801 2205 1844 2246 et

242 2268 510 2323 jocosissime
532 2270 642 2325 ficta,
673 2274 744 2312 aut
773 2275 818 2312 ut
836 2274 1025 2314 veterum
1048 2284 1343 2327 „verrucosam
1363 2269 1561 2326 loquendi
1581 2269 1841 2325 sartaginem

248 2339 288 2376 ct
318 2337 630 2392 sesquipedalia
659 2338 1059 2393 poetarun1.verba“
1092 2337 1286 2381 irrideret
1321 2343 1392 2380 aut
1428 2338 1521 2393 ipse
1555 2340 1676 2380 acute
1703 2341 1839 2379 motus

248 2402 419 2444 nimium
456 2403 664 2446 interdum
699 2404 743 2446 in
773 2405 957 2460 jocando
987 2405 1259 2460 versibusque
1289 2403 1513 2448 fundendis
1550 2407 1694 2460 „stans
1730 2402 1839 2459 pede

248 2468 291 2509 in
318 2469 426 2511 1m0“
460 2474 702 2524 sequeretur
731 2470 931 2527 leporem,
961 2472 1067 2514 haec
1097 2475 1194 2515 sunt
1221 2473 1437 2527 composita
1467 2470 1747 2513 substantiva:

358 2546 586 2590 eibicida
616 2549 655 2592 h.
688 2563 722 2592 c.
756 2549 825 2604 qui
846 2550 980 2593 cibum
1000 2549 1139 2592 caedit
1157 2550 1182 2594 i.
1207 2563 1242 2592 e.
1264 2548 1482 2604 consumit,
1510 2562 1587 2604 per
1606 2547 1839 2603 ludibrium,

247 2612 290 2652 ni
326 2612 461 2667 fallor,
500 2614 553 2656 de
589 2616 722 2658 servis
759 2616 926 2671 dietum,
977 2631 1017 2660 v.
1053 2617 1135 2660 634
1171 2617 1254 2672 (27,
1285 2617 1379 2674 27):
1427 2615 1600 2672 „viginti
1635 2615 1749 2658 domi
1783 2628 1838 2657 an

246 2678 416 2732 triginta
446 2694 500 2722 an
530 2685 694 2724 centum
724 2683 922 2726 cibicidas
952 2684 1085 2727 alas.“
1144 2684 1365 2727 Inventum
1395 2686 1461 2726 est
1488 2682 1528 2725 h.
1558 2696 1598 2725 v.
1628 2695 1655 2725 a
1680 2681 1838 2724 Lucilio

247 2744 301 2785 ad
322 2745 562 2800 analogiam
584 2750 804 2791 verborum
825 2763 932 2804 quae
953 2755 1050 2793 sunt
1070 2750 1346 2807 „parricida“,
1379 2748 1654 2806 „homicida“,
1686 2747 1839 2805 „hosti-

249 2810 383 2865 cida“,
415 2812 489 2853 sed
510 2813 569 2855 ita
590 2815 876 2871 compositum,
906 2822 950 2859 ut
971 2818 1176 2873 objectum
1197 2817 1511 2873 grammaticum
1532 2815 1645 2871 quod
1664 2815 1838 2858 dicimus

247 2889 331 2918 non
362 2877 485 2921 homo
517 2879 685 2934 quidam
724 2882 855 2935 (velut
885 2896 1031 2940 supra:
1061 2888 1223 2940 „pater,
1257 2885 1396 2940 homo,
1425 2883 1620 2939 hostis“),
1657 2881 1735 2925 sed
1769 2894 1839 2925 res
