1910 3034
876 67 1140 129 *EO—-

326 201 543 244 chlaena
572 202 596 245 i.
629 215 667 243 e.
697 206 865 257 χλαῖνα,
896 212 934 242 V.
967 199 1033 253 20,
1065 199 1110 240 7:
1143 199 1390 254 „chlaenam
1410 199 1592 256 desuper
1618 199 1805 244 indutam

217 268 444 312 foedavit“.
505 269 554 311 G.
572 268 649 310 hoc
678 267 955 321 fragmentum
985 279 1011 307 a
1032 265 1232 308 Tortellio
1263 280 1316 308 ex
1334 266 1493 309 Lucilio
1524 270 1736 310 servatum
1766 272 1807 310 et

214 336 266 377 ab
297 335 424 378 Henr.
457 336 667 377 Diintzero
699 347 840 375 rursus
871 333 1086 374 inventum
1108 333 1181 375 sub
1211 332 1475 387 „Addenda“
1508 348 1549 390 p.
1580 332 1686 377 CLI.
1716 333 1806 376 sine

214 401 299 444 ulla
337 401 592 444 dubitatione
627 400 669 442 in
706 399 931 441 editionem
962 412 1078 440 suam
1115 400 1286 455 recepit,
1324 400 1371 441 L.
1408 399 1577 442 omnino
1606 399 1806 455 neglexit,

215 468 268 511 M.
300 468 415 511 uncis
446 467 611 522 quidem
641 466 843 508 inclusum
866 465 1079 508 contextui
1107 465 1295 520 inseruit,
1325 467 1383 508 ita
1411 470 1564 520 tamen,
1595 470 1640 509 ut
1667 466 1807 521 certis,

214 548 297 576 non
327 534 460 576 dubiis
491 537 562 575 aut
589 532 724 588 magis
756 532 960 587 suspectis
992 531 1140 573 Lucilii
1169 531 1352 587 reliquiis
1383 532 1593 577 tribueret.
1667 533 1807 584 Quare

214 615 295 656 ego
333 613 495 655 quoque
534 599 600 641 hic
637 599 859 641 occasione
894 597 994 639 data
1031 611 1110 640 nec
1146 598 1426 653 fragmentum
1462 612 1542 642 nec
1577 612 1668 642 voe.
1703 598 1807 642 illud

214 681 361 710 vereor
390 680 635 709 memorare.
711 665 833 716 Quod
870 664 1037 719 quidem
1067 678 1273 718 nusquam
1303 671 1524 722 praeterea
1559 679 1626 721 ap.
1665 665 1806 721 script.

214 734 282 777 lat.
316 737 465 788 exstat,
497 746 746 788 quamquam
783 732 881 785 Cic,
912 731 1024 774 Brut.
1063 731 1132 786 143
1164 732 1284 775 Varr.
1315 731 1354 773 d.
1386 731 1460 773 1.1.
1481 732 1521 786 5,
1544 732 1623 774 133
1652 731 1807 786 aliique

214 804 379 844 utuntur
408 814 496 843 voc.
527 800 720 854 „laena“,
751 798 803 840 de
834 811 914 852 quo
945 797 1017 840 cfr.
1046 798 1313 854 Fleckeisen,
1342 798 1484 842 Jahrb.
1516 797 1582 840 fiir
1600 797 1709 841 Phil.
1730 802 1805 842 etc.

218 902 338 956 1866,
370 901 423 942 93
455 915 495 956 p.
526 901 571 954 33
603 899 777 951 Becker,
809 898 1013 953 „Gallus“
1044 898 1119 941 III.
1152 912 1191 954 p.
1226 899 1304 940 126
1335 912 1415 954 sq.;
1447 897 1489 942 S.
1520 912 1560 954 p.
1590 899 1659 941 46.

325 967 588 1022 chirodyti
623 966 649 1007 i.
689 981 721 1009 s.
759 965 951 1007 manicae
988 979 1027 1008 v.
1065 966 1119 1007 66
1155 966 1211 1020 (2,
1248 965 1340 1018 26);
1384 965 1625 1021 „chirodyti
1659 965 1807 1021 aurati,

214 1035 346 1088 ricae,
391 1033 594 1086 thoracia,
641 1032 817 1074 mitrae“
856 1032 946 1086 (M.)
1019 1031 1151 1075 Codd.
1195 1032 1302 1074 Non.
1346 1031 1447 1082 539,
1494 1032 1543 1073 17
1589 1030 1806 1086 „hrodeti“

211 1100 354 1143 Bamb.
387 1103 429 1142 et
457 1098 590 1153 Lugd.
621 1099 668 1153 23
699 1097 941 1154 „hrodyty“
971 1098 1104 1153 Lugd.
1137 1098 1189 1153 1.;
1221 1097 1473 1154 „hyodyty“
1507 1098 1645 1153 potius
1681 1111 1806 1152 quam
1890 1127 1894 1135 .

214 1166 426 1222 hrodyty“
459 1165 594 1209 Guelf.
616 1165 834 1221 exhibent3
867 1166 914 1207 L.
936 1179 1029 1207 cum
1049 1165 1103 1207 de
1122 1166 1305 1220 genuina
1325 1165 1531 1220 scriptura
1550 1165 1807 1208 restituenda

213 1232 474 1288 desperaret,
521 1230 747 1289 [hyodyty]
793 1232 836 1273 in
879 1235 1078 1274 contextu
1121 1232 1278 1287 posuit3
1322 1231 1563 1274 Boeckhius
1605 1231 1807 1275 audacter

211 1296 501 1352 ,,ὑσκλωτοὶ“,
533 1299 602 1352 qui
633 1302 728 1340 sunt
761 1297 891 1340 calcei
921 1298 1161 1353 obstrigilli3
1200 1298 1391 1341 Schmidt
1419 1298 1683 1355 „hypodyti“
1710 1299 1737 1341 i.
1769 1313 1803 1341 s.

210 1366 376 1408 tunicae
406 1364 615 1421 quaedam
646 1366 720 1408 sub
741 1365 913 1407 thorace
942 1369 1103 1420 gestae,
1134 1378 1369 1420 perperam,
1401 1365 1513 1419 quod
1533 1368 1666 1407 metro
1696 1365 1737 1406 h.
1765 1378 1804 1407 v.

211 1436 436 1488 repugnat3
475 1432 528 1474 M.
559 1431 730 1474 tandem
761 1431 1042 1486 Gerlachium,
1082 1433 1151 1486 qui
1181 1433 1487 1489 ,,χειροδυταὶ“
1516 1435 1806 1488 proposuerat,

212 1503 379 1542 secutus
411 1499 676 1555 „chirodyti“
714 1499 754 1540 h.
792 1512 825 1540 s.
854 1499 1047 1541 manicae
1084 1499 1276 1555 conjecit.
1335 1497 1458 1549 Quod
1496 1497 1666 1553 quidem
1702 1498 1804 1540 satis

210 1567 317 1609 bene
355 1572 396 1609 et
432 1566 487 1609 ad
517 1566 652 1621 Lugd.
689 1566 721 1607 I.
753 1565 928 1620 quadret
957 1566 1176 1608 lectionem
1213 1570 1254 1608 et
1281 1565 1338 1608 ad
1366 1566 1492 1607 totius
1521 1564 1744 1620 fragmenti
1779 1578 1806 1607 a

211 1634 265 1677 M.
297 1634 452 1688 optime
482 1633 660 1675 restituti
698 1646 877 1677 sensum.
938 1633 1020 1676 Cfr.
1053 1634 1102 1677 G.
1133 1633 1189 1675 ad
1218 1633 1296 1688 frg.
1326 1633 1366 1687 2,
1398 1632 1469 1687 12,
1508 1631 1557 1674 Ο.
1586 1631 1806 1687 Ribbeck„

212 1713 351 1742 scaen.
381 1713 498 1755 poes.
535 1699 609 1742 rel.
641 1699 695 1741 II.
725 1714 766 1755 p.
797 1701 864 1755 85,
894 1701 971 1755 qui
1005 1701 1106 1743 Luc.
1142 1699 1317 1744 Miillero
1353 1699 1601 1755 assentitur3
1639 1698 1682 1742 S.
1718 1698 1804 1741 ind.

211 1768 277 1808 22.
315 1792 370 1797 —
406 1767 670 1822 „chirodyti“
715 1780 914 1821 graecum
958 1780 1048 1809 voe.
1094 1770 1160 1809 est
1201 1766 1257 1809 ad
1302 1765 1614 1808 similitudinem
1656 1778 1805 1808 vocum

209 1831 506 1890 ,,ὑποδυτὴς“,
548 1847 627 1887 quo
664 1833 772 1875 Plut.
802 1834 966 1890 Philop.
1000 1834 1049 1875 11
1082 1838 1125 1876 et
1155 1833 1280 1876 Diod.
1319 1833 1402 1875 Sic.
1443 1833 1506 1887 17,
1540 1833 1597 1874 44
1624 1835 1804 1887 utuntur,

209 1905 250 1942 et
286 1900 371 1956 adj.
408 1900 713 1958 ,,χειριδωτός“
754 1901 869 1953 (Her.
909 1901 946 1954 7,
984 1901 1054 1954 61)
1085 1900 1110 1943 1.
1150 1913 1187 1942 6.
1226 1900 1460 1942 manicatus
1496 1899 1636 1942 fictum
1672 1902 1745 1942 aut
1777 1913 1805 1942 a

210 1967 367 2009 Lucilio
397 1974 469 2009 aut
497 1981 523 2009 a
545 1967 720 2010 Graecis
750 1967 869 2022 ipsis,
899 1980 1073 2021 quorum
1101 1968 1145 2008 in
1175 1967 1340 2023 scriptis
1369 1967 1490 2010 nobis
1520 1966 1688 2022 quidem
1718 1979 1804 2008 ser-

208 2035 317 2076 vatis
349 2034 624 2078 desideratur.
686 2034 778 2086 Qua
807 2034 861 2077 de
883 2047 1012 2076 causa
1040 2034 1089 2076 F.
1120 2033 1144 2077 l.
1174 2033 1200 2076 l.
1222 2048 1262 2089 p.
1284 2035 1365 2076 256
1385 2034 1549 2090 injuria,
1579 2038 1624 2076 ut
1642 2033 1803 2089 opinor,

208 2102 306 2143 Luc.
337 2102 501 2144 Miilleri
529 2101 676 2144 irridet
705 2101 999 2157 conjecturam.

319 2203 485 2244 mucus
514 2201 540 2245 i.
573 2216 607 2245 e.
628 2201 776 2258 μυχός,
806 2202 998 2257 angulus,
1029 2215 1067 2245 v.
1090 2201 1172 2243 949
1201 2201 1284 2256 (30,
1304 2201 1376 2254 48)
1400 2201 1567 2256 ,,ο1111113
1585 2203 1672 2243 tum
1693 2199 1802 2243 endo

210 2269 329 2309 muco
360 2268 507 2311 videas
538 2267 726 2311 fervente
754 2269 951 2312 micare“.
1009 2270 1075 2310 Ex
1107 2267 1330 2324 „tumendo
1351 2267 1512 2322 muco“,
1541 2267 1653 2322 quod
1682 2266 1802 2310 codd.

207 2335 311 2378 Non.
349 2349 388 2390 p.
426 2336 519 2390 347,
557 2336 610 2377 32
646 2336 858 2390 exhibent,
896 2337 1114 2378 Turnebus
1158 2339 1290 2377 recte:
1336 2339 1450 2390 „tum
1493 2333 1602 2376 endo
1643 2334 1804 2396 ppxq3“

207 2401 397 2456 restituit,
441 2402 479 2444 h.
525 2415 562 2444 e.
607 2406 825 2445 reservata
868 2403 1057 2445 codicum
1099 2402 1423 2457 transcriptione
1466 2401 1632 2443 Latina:
1673 2405 1725 2457 „t.
1764 2414 1801 2443 e.

207 2467 396 2522 mucho“,
428 2472 472 2509 ut
493 2468 542 2510 G.
565 2469 744 2524 scripsit,
775 2469 843 2511 vel
866 2470 1038 2524 „muc0“
1069 2473 1113 2511 ut
1133 2470 1181 2511 L.
1210 2472 1251 2511 et
1269 2468 1324 2511 M.
1347 2467 1438 2522 (cfr.
1459 2481 1606 2510 comm.
1626 2482 1666 2524 p.
1687 2468 1800 2522 215).

206 2532 387 2575 Lucilius
426 2535 535 2576 enim
572 2540 707 2577 utrum
745 2549 1023 2579 consonarum
1059 2536 1277 2579 admiserit
1313 2534 1611 2591 aspirationem
1654 2548 1802 2591 necne,

206 2600 249 2640 111
291 2604 407 2642 tanta
443 2601 534 2643 VII.
574 2602 731 2644 saeculi
768 2603 1082 2646 conturbatione
1115 2603 1337 2659 dijudicari
1373 2603 1528 2658 nequit.
1599 2602 1654 2646 M.
1697 2601 1800 2645 illud

206 2666 376 2708 Homeri
406 2667 542 2709 affert:
588 2671 741 2729 ,,μυχῷ
773 2669 909 2725 δόμου
938 2667 1183 2726 ὑψηλοῖο“,·
1213 2669 1402 2712 similiter
1437 2669 1593 2725 Odyss.
1623 2669 1663 2726 5,
1697 2669 1798 2725 2263

208 2733 270 2787 15,
302 2733 402 2788 3033
433 2734 500 2788 23,
530 2735 603 2789 41,
635 2735 682 2776 Il.
713 2737 780 2790 22,
809 2737 893 2778 440
922 2738 1103 2794 saepius.
1133 2763 1188 2767 —
1219 2737 1302 2781 Cfr.
1333 2737 1460 2781 etiam
1487 2738 1542 2779 K.
1579 2737 1612 2781 I.
1646 2751 1686 2793 p.
1718 2737 1797 2780 621

205 2803 247 2840 et
274 2799 328 2840 M.
360 2813 507 2841 comm.
538 2815 578 2855 p.
608 2802 702 2844 268.
734 2829 787 2833 -
818 2803 940 2854 Quod
969 2804 1026 2847 ad
1056 2805 1306 2847 sententiam
1325 2805 1448 2861 hujus
1470 2817 1618 2848 versus
1638 2804 1798 2859 attinet,

205 2867 351 2920 nugari
396 2867 588 2922 Nonium,
632 2869 701 2922 qui
746 2870 970 2926 „micare“,
1015 2875 1060 2914 ut
1097 2872 1280 2928 saepius,
1323 2872 1436 2914 idem
1472 2885 1569 2915 esse
1603 2884 1655 2914 ac
1694 2883 1800 2927 „per

205 2931 318 2974 vices
357 2932 447 2974 sine
482 2933 629 2976 ordine
667 2936 855 2978 moveri“
891 2937 932 2982 h.
964 2951 1002 2980 e.
1037 2940 1343 2993 „concursare“
1372 2938 1540 2995 dixerit,
1569 2942 1715 2981 contra
1741 2936 1798 2984 M.
1880 2952 1898 2958 ··
