1910 3034
289 380 455 455 Tribus
485 411 747 468 potissimum
780 410 912 466 ipsius
951 409 1099 452 Lucilii
1134 409 1291 452 artibus
1329 407 1398 451 vel
1435 407 1596 463 studiis,
1633 411 1679 452 ut
1709 409 1769 469 ita

174 479 331 534 dicam,
370 482 586 522 externum
621 490 818 520 versuum
862 476 952 533 ejus
996 476 1130 519 teneri
1165 475 1371 529 habitum,
1415 475 1655 531 unicuique,
1699 475 1770 532 qui

176 561 249 591 eos
287 546 483 589 attentius
520 544 757 600 perlegerit,
796 543 1029 600 apparebit.
1100 543 1211 586 Nam
1247 542 1425 599 primum
1462 541 1642 586 eximiae
1682 541 1772 587 fere

177 613 419 657 eruditionis
436 612 734 666 doctrinaeque
754 611 976 667 particeps,
998 609 1126 653 valde
1143 611 1325 653 urbanus
1347 609 1465 664 (Hor.
1487 612 1565 652 sat.
1585 609 1633 666 I.,
1651 609 1693 664 4,
1715 609 1770 664 7),

176 680 335 723 facetus
359 679 477 733 (Hor.
500 682 575 722 sat.
598 678 646 731 Ι.,
670 679 733 732 10,
754 678 812 732 3),
843 678 972 720 comis
995 676 1219 733 (Porphyr.
1246 676 1314 720 ad.
1335 676 1436 720 Hor.
1459 679 1536 720 sat.
1557 675 1606 732 L,
1625 676 1664 732 3,
1684 677 1771 731 38),

178 749 394 790 emunctae
424 746 538 788 naris
562 746 696 799 (Varr.
728 759 795 800 ap.
828 744 935 787 Gell.
959 743 1045 799 VI.‚
1071 744 1138 798 14)
1168 743 1257 798 fuit,
1287 742 1398 786 unde
1423 742 1573 786 doctae
1592 741 1771 798 graciles

179 812 416 867 exquisitae
446 826 572 855 voces
604 812 840 854 etiamnunc
869 810 1050 866 plurima
1079 813 1229 853 ornant
1266 810 1355 866 ejus
1385 809 1612 866 fragmina3
1651 808 1775 853 simul

176 884 316 922 autem
358 878 501 934 populi
544 878 724 933 gratiam
761 891 1027 933 summopere
1072 877 1150 920 sibi
1194 876 1393 932 colligere
1436 890 1530 919 cum
1573 876 1772 932 studeret,

177 945 327 988 iterum
343 946 574 1000 iterumque
594 944 650 987 ad
666 958 882 987 commune
892 944 1094 1000 judicium
1113 943 1440 1000 popularemque
1455 942 1773 998 intelligentiam

180 1027 299 1056 suam
328 1013 462 1068 ipsius
493 1011 825 1054 accommodavit
854 1011 1140 1066 elocutionem,
1175 1010 1287 1053 unde
1315 1010 1512 1066 vulgares
1548 1009 1773 1067 (Porphyr.

178 1079 235 1123 ad
269 1080 367 1123 Hor.
405 1094 469 1135 ep.
506 1079 559 1133 Ι.,
603 1079 674 1133 19,
713 1078 802 1133 33),
840 1078 954 1121 velut
989 1079 1194 1121 obscenas
1233 1077 1474 1132 similesque
1509 1091 1634 1120 voces
1671 1076 1774 1120 satis

182 1160 389 1202 superque
409 1146 621 1188 immixtas
642 1145 878 1188 invenimus
901 1145 990 1201 ejus
1017 1145 1175 1199 satiris3
1208 1149 1294 1186 tum
1315 1148 1499 1187 veterem
1521 1144 1776 1187 Graecorum

183 1213 440 1256 comoediam
480 1212 600 1267 quasi
639 1211 855 1268 exemplar
891 1211 1058 1267 penitus
1097 1215 1261 1254 secutus
1302 1211 1418 1265 (Hor.
1457 1214 1533 1254 sat.
1578 1210 1625 1266 I.,
1661 1210 1702 1265 4,
1733 1211 1775 1265 1)

181 1293 327 1333 novas,
358 1283 401 1321 ut
420 1278 506 1333 illa,
536 1292 612 1335 per
632 1277 854 1321 ludibrium
874 1278 996 1320 finxit
1015 1292 1154 1321 voces.
1216 1277 1374 1329 Quibus
1397 1278 1543 1334 paucis
1574 1278 1696 1333 quasi
1723 1276 1778 1321 de

183 1346 344 1401 origine
385 1347 605 1389 verborum
650 1345 808 1388 Lucilio
854 1344 1124 1401 peculiarium
1168 1345 1413 1401 praemissis
1455 1358 1565 1388 nunc
1607 1349 1776 1388 transeo

185 1412 242 1456 ad
270 1415 432 1468 partem
461 1412 492 1456 Ι.

849 1669 1015 1743 Pars
1063 1669 1112 1745 I.

289 1781 358 1824 De
388 1780 704 1835 singularibus
733 1780 903 1823 Lucilii
931 1780 1119 1824 vocibus
1150 1780 1198 1823 et
1225 1780 1393 1824 formis
1422 1779 1683 1833 eloquendi.

246 1848 485 1891 Traetanda
509 1848 577 1890 hic
599 1852 694 1890 sunt
714 1847 854 1890 omnia
874 1861 925 1890 ea
944 1848 1085 1901 verba,
1108 1861 1215 1902 quae
1236 1846 1410 1890 dicimus
1431 1844 1544 1901 ἅπαξ
1567 1846 1780 1905 εἰρημένα,

193 1915 340 1971 quibus
378 1927 500 1957 nemo
536 1914 804 1969 superstitum
846 1914 1012 1969 quidem
1056 1914 1303 1970 scriptorum
1338 1913 1580 1956 Latinorum
1614 1917 1782 1969 praeter

193 1981 393 2024 Lucilium
430 1995 528 2023 usus
567 1985 643 2023 est.
702 1979 814 2031 Quot
847 1985 986 2023 autem
1023 1985 1122 2035 quot
1160 1980 1406 2036 scriptorum
1435 1980 1527 2024 libri
1556 1983 1598 2023 et
1626 1980 1784 2037 scripta

190 2048 419 2104 perierunt!
479 2047 733 2090 Difficillime
753 2047 879 2102 igitur
898 2050 970 2089 aut
996 2061 1019 2089 e
1050 2060 1176 2090 sensu
1204 2046 1272 2090 vel
1302 2061 1355 2089 ex
1383 2046 1676 2090 terminatione
1709 2050 1783 2090 aut

193 2114 360 2157 omnino
398 2127 481 2156 non
515 2128 541 2155 a
575 2114 695 2156 nobis
731 2114 925 2169 posteris,
964 2127 1142 2156 casusne
1177 2113 1355 2156 ludibrio
1400 2113 1629 2168 singularia
1670 2113 1783 2157 facta

195 2181 278 2222 sint
312 2194 366 2222 an
406 2180 528 2223 simul
563 2181 734 2223 inventa
773 2181 854 2222 sint
891 2184 932 2223 et
967 2180 1066 2223 data
1105 2180 1302 2224 oblivioni
1336 2194 1391 2223 an
1433 2183 1582 2236 postea
1615 2180 1781 2224 demum

194 2247 382 2290 consulto
418 2247 590 2302 evitata,
628 2251 766 2303 potest
802 2247 1033 2303 dijudicari.
1108 2247 1201 2299 Qua
1244 2247 1488 2290 condicione
1530 2247 1782 2292 enumerabo

196 2327 363 2369 semper
391 2315 523 2369 primo
554 2314 645 2356 loco
675 2327 802 2357 voces
832 2314 930 2356 alibi
962 2313 1185 2367 inauditas,
1221 2314 1353 2356 altero
1390 2314 1598 2356 notiorum
1633 2327 1782 2357 vocum

195 2380 412 2422 inusitatas
434 2380 588 2422 formas
605 2380 855 2434 Lucilianas,
876 2380 985 2422 hunc
999 2384 1219 2436 praeterea
1238 2381 1390 2435 ubique
1411 2386 1574 2423 secutus
1593 2381 1782 2424 ordinem

195 2450 251 2501 ut,
282 2447 522 2502 priusquam
543 2447 596 2489 de
615 2447 785 2490 vocibus
816 2447 955 2488 latinis
978 2452 1017 2489 et
1038 2447 1091 2489 de
1112 2447 1345 2503 peregrinis
1366 2451 1438 2490 aut
1461 2451 1559 2491 ante
1578 2447 1783 2491 Lucilium

197 2517 268 2555 aut
296 2514 347 2555 ab
378 2526 426 2555 eo
456 2513 498 2554 in
527 2513 712 2567 linguam
741 2513 935 2555 Latinam
962 2513 1124 2556 tralatis
1155 2513 1374 2569 disseram,
1418 2528 1553 2570 pauca
1582 2514 1636 2558 de
1669 2528 1784 2558 mere

200 2579 363 2633 graecis
394 2593 613 2634 exponam.

662 2689 781 2756 Cap.
817 2691 875 2740 1.:
924 2688 1307 2746 substantiva.

729 2779 783 2821 A.
828 2778 1023 2822 Nomina
1051 2781 1257 2835 propria.

314 2855 379 2897 De
417 2855 561 2908 quibus
592 2855 682 2911 jam
720 2856 817 2899 Luc.
848 2857 1060 2912 Miillerus,
1097 2857 1137 2900 d.
1174 2872 1219 2901 re
1247 2862 1365 2901 metr.
1396 2874 1436 2915 p.
1466 2859 1540 2901 40:
1580 2858 1786 2914 „Omnino

205 2920 399 2974 Lucilius,
429 2921 572 2974 inquit,
603 2922 637 2963 si
658 2923 709 2964 ab
729 2922 872 2965 inferis
894 2928 1138 2979 resurgeret,
1170 2938 1262 2967 cum
1285 2925 1370 2968 alia
1394 2925 1572 2981 plurima
1597 2925 1788 2970 fortunae
