1780 3022
777 295 1025 371 Vita.

234 429 398 465 Ernestus
423 429 590 464 Henricus
605 428 805 464 Theodorus
822 427 961 465 Fischer
985 430 1087 464 natus
1110 439 1186 464 sum
1209 429 1280 467 Cal.
1296 429 1367 468 Jul.
1392 429 1474 466 anni
1502 429 1537 467 h.
1554 439 1582 468 s.
1603 428 1701 469 nvn,

102 485 254 521 Berolini
277 486 376 530 patre
391 484 549 527 Ernesto,
573 486 682 520 matre
706 485 844 520 Martha
867 495 884 520 e
907 486 1012 530 gente
1027 484 1317 526 Messerschmidt,
1341 495 1426 530 quos
1449 485 1561 521 adhue
1583 485 1699 522 vivere

101 552 308 587 magnopere
335 539 481 586 gaudeo,
538 540 638 576 Fidei
669 541 826 576 addictus
857 551 931 575 sum
963 540 1187 585 evangelicae.
1234 540 1444 576 Litterarum
1477 540 1639 587 primitiis
1661 541 1699 577 in

101 607 284 642 puerorum
322 595 404 631 ludo
444 597 598 631 imbutus
639 597 858 642 gymnasium
892 596 962 630 adii
996 595 1088 641 quod
1122 596 1247 632 dicitur
1281 596 1500 639 Coloniense,
1536 596 1591 631 cui
1623 597 1699 633 tum

100 653 142 690 E.
171 651 211 690 F.
242 652 380 697 August
410 652 445 686 et
473 653 595 698 postea
622 652 746 690 Adalb.
777 652 882 687 Kuhn
913 652 1050 697 egregie
1083 653 1275 697 praeerant.
1322 653 1454 688 Deinde
1489 663 1566 699 cum
1598 653 1700 698 pater

102 707 388 744 Freienwaldiam
429 706 629 743 Viadrinam
667 708 962 753 transmigrasset,
1002 707 1051 743 ibi
1087 719 1148 753 per
1186 710 1318 754 septem
1356 708 1427 744 fere
1464 718 1590 750 annos,
1626 707 1700 752 J'am

99 765 274 810 postremo
297 763 434 798 infirma
455 763 654 799 valetudine
677 763 792 799 studia
815 775 893 799 mea
916 774 977 808 per
1001 763 1118 798 decem
1133 774 1265 800 menses
1285 764 1534 810 interrumpere
1550 764 1698 807 coactus,
1735 808 1738 813 Ι

100 819 317 865 gymnasium
347 819 560 864 frequentavi
582 820 804 865 oppidanum,
835 819 928 864 quod
951 819 1166 864 undeviginti
1192 819 1325 855 circiter
1347 830 1456 855 annos
1480 819 1702 855 Waldemaro

101 876 216 922 Kopp,
239 876 313 910 viro
337 875 514 920 discipulis
538 875 608 910 suis
632 875 963 919 benevolentissime,
994 885 1086 910 nunc
1111 875 1202 910 Genz
1227 874 1392 911 directore
1419 876 1567 911 maxime
1588 875 1700 913 floret.

101 932 188 968 Vere
217 931 299 966 anni
328 930 362 969 h,
394 941 420 968 s,
456 930 619 966 LXXVII
650 931 862 967 maturitatis
892 931 1129 966 testimonium
1160 931 1304 976 adeptus
1335 931 1594 967 universitatem
1628 929 1700 967 adii
1725 947 1727 950 ·
1767 925 1769 931 ’

100 987 368 1028 Berolinensem,
398 987 458 1022 ubi
489 987 620 1022 civibus
651 987 843 1033 adscriptus
875 987 1079 1022 academicis
1110 987 1177 1022 rite
1211 998 1336 1022 nomen
1367 987 1446 1022 dedi
1477 986 1569 1032 apud
1593 986 1699 1032 juris-
1754 1033 1758 1035 Δ

99 1043 331 1080 consultorum
361 1042 527 1082 ordinem,
581 1043 647 1078 Sex
676 1043 853 1078 mensibus
880 1045 961 1088 post
993 1043 1016 1078 J
1019 1054 1118 1079 enam
1151 1045 1186 1078 et
1215 1043 1316 1078 simul
1349 1044 1385 1078 in
1418 1043 1703 1089 philosophorum

100 1101 213 1135 castra
241 1100 475 1144 transgressus
507 1110 583 1134 sum
613 1100 688 1144 J'am
711 1099 791 1134 inde
820 1099 1035 1145 philologieis
1060 1099 1183 1135 studiis
1208 1110 1346 1144 operam
1369 1100 1566 1136 navaturus,
1609 1097 1634 1133 J
1637 1107 1701 1132 ena
1754 1135 1761 1141 ,

99 1157 239 1202 peracto
263 1165 352 1190 anno
376 1153 576 1190 Berolinum
599 1155 687 1190 redii
710 1155 826 1201 ibique
849 1166 910 1200 per
933 1156 1002 1190 tres
1026 1165 1126 1190 senos
1149 1165 1284 1190 menses
1308 1154 1459 1199 antiquis
1490 1153 1615 1188 litteris
1645 1162 1701 1188 me
1732 1185 1734 1187 .

102 1211 191 1247 dedi.
238 1210 394 1255 Denique
428 1209 528 1246 Halis
564 1211 736 1247 Saxonum
766 1222 828 1257 per
863 1211 930 1246 duo
964 1211 1140 1246 semestria
1175 1209 1288 1245 studia
1323 1220 1402 1245 mea
1436 1209 1634 1244 continuavi
1666 1209 1702 1244 et

101 1267 244 1304 absolvi,
275 1287 319 1292 —
344 1266 542 1302 Docuerunt
563 1277 618 1301 me
642 1267 753 1312 primo
776 1266 929 1302 Berolini
959 1267 1023 1302 viri
1056 1266 1245 1302 doctissimi
1270 1265 1394 1308 Bruns,
1419 1264 1549 1310 Gneist‚
1575 1262 1701 1307 Zenon
1756 1271 1765 1290 -’

101 1323 123 1359 J
126 1334 228 1359 enae:
252 1322 436 1364 Delbriiek,
454 1322 684 1365 Gaedechens‚
703 1322 922 1368 Klopfleisch,
939 1322 1069 1365 Rohde,
1086 1321 1266 1367 Adolphus
1282 1322 1317 1356 et
1332 1321 1517 1357 Mauricius
1533 1319 1701 1362 Schmidt,
1725 1367 1732 1373 ι

102 1380 247 1422 Sievers,
272 1378 428 1420 Volkelt;
451 1379 577 1414 iterum
600 1379 771 1414 Berolini:
795 1378 964 1423 Dmysen,
981 1378 1155 1423 Henning,
1171 1378 1324 1422 Hiibner,
1349 1376 1538 1422 Kirchhoff,
1554 1368 1701 1412 Mallon-

101 1435 183 1478 hoff,
207 1434 361 1476 Scherer‚
385 1434 529 1477 Vahlen,
554 1434 795 1477 Wattenbach,
827 1433 956 1480 Zeller3
988 1434 1104 1470 Halis:
1136 1434 1393 1479 Dittenberger‚
1425 1433 1549 1478 Haym,
1580 1431 1724 1478 Hiuer„

102 1492 192 1534 Keil,
222 1490 376 1533 Kramer,
408 1490 529 1533 Ulriei,
556 1491 580 1526 J
582 1519 590 1529 .
624 1490 762 1528 Zacher.
796 1511 841 1515 —
874 1490 942 1525 Per
973 1501 1030 1525 sex
1061 1501 1196 1525 menses
1222 1489 1363 1525 interfui
1385 1487 1568 1524 seminario
1589 1486 1702 1532 philo-

100 1548 214 1595 logico
236 1546 388 1589 Jenensi,
418 1546 510 1591 quod
539 1545 809 1582 moderabantur
831 1545 878 1584 M,
904 1545 1060 1580 Schmidt
1089 1546 1124 1580 et
1150 1545 1289 1590 Rohde;
1321 1544 1473 1580 Berolini
1501 1541 1708 1579 Miillenhoff
1722 1549 1726 1554 ’

102 1615 163 1650 per
192 1604 261 1639 tria
289 1603 466 1638 semestria
497 1602 646 1647 benigne
669 1602 801 1637 aditum
823 1601 959 1637 facilem
983 1601 1068 1635 mihi
1089 1601 1227 1646 paravit
1249 1600 1294 1635 ad
1318 1600 1574 1635 exercitationes
1607 1599 1703 1635 theo-

104 1661 215 1696 discas
238 1670 259 1695 a
281 1669 318 1694 se
339 1658 528 1700 institutas,
551 1670 612 1704 per
635 1658 725 1693 idem
752 1659 889 1702 tempus
921 1657 1104 1692 seminario
1136 1656 1356 1702 philologioo,
1386 1656 1442 1690 cui
1462 1653 1646 1690 Kirchhoff
1670 1654 1706 1690 et
1752 1688 1764 1698 ,-

104 1715 236 1751 Vahlen
267 1716 445 1760 praesunt,
476 1724 617 1760 operam
643 1713 740 1755 dedi;
769 1724 830 1759 per
854 1723 910 1748 sex
933 1723 1065 1748 menses
1087 1712 1127 1751 E.
1153 1712 1306 1754 Hiibner‚
1334 1713 1374 1747 ut
1397 1711 1571 1748 societatis
1592 1709 1706 1757 philo·
1756 1710 1766 1750 ζ

103 1772 204 1817 logae
234 1769 362 1806 sodalis
394 1780 514 1812 essem,
539 1770 687 1814 benigne
717 1769 885 1815 permisit.
931 1768 1030 1803 Halis
1053 1779 1116 1814 per
1139 1779 1267 1804 annum
1289 1768 1418 1804 sodalis
1440 1767 1490 1802 fui
1513 1765 1705 1803 ordinarius

103 1826 278 1863 seminarii
311 1827 399 1870 regii
432 1826 674 1871 paedagogici,
709 1825 801 1871 quod
835 1823 897 1860 sub
930 1823 1091 1860 Krameri
1129 1825 1290 1870 auspiciis
1325 1824 1460 1870 egregie
1502 1822 1635 1865 floruit,
1669 1821 1708 1858 et'

103 1883 307 1930 participavi
350 1893 412 1928 per
454 1893 511 1917 sex
545 1892 677 1917 menses
717 1881 954 1927 proseminarii
989 1882 1024 1916 et
1058 1881 1231 1916 seminarii
1267 1880 1388 1926 philol.
1428 1878 1705 1915 exercitationem

104 1940 280 1985 praeterea
310 1938 344 1977 J.
375 1938 514 1981 Zacher,
545 1948 613 1983 qua
642 1938 716 1973 erat
745 1936 994 1979 benevolentia,
1025 1938 1066 1972 ut
1098 1936 1294 1972 theodiscae
1328 1936 1506 1972 societatis.
1531 1934 1705 1980 particeps

105 2007 212 2032 essem
247 2007 309 2041 per
344 2005 402 2030 sex
436 2005 591 2036 menses,
627 1994 712 2030 mihi
747 1993 925 2031 concessit.
973 1993 1105 2035 Quibus
1140 1993 1297 2028 omnibus
1329 2002 1414 2037 quos
1440 1989 1704 2027 commemoravi

103 2053 188 2087 viris
219 2051 427 2087 doctissimis
457 2050 588 2096 gratias
614 2052 649 2085 et
677 2060 766 2086 nuuc
789 2061 854 2095 ago
886 2050 921 2084 et
943 2060 1076 2094 semper
1103 2048 1236 2084 habebo
1259 2048 1434 2086 maximas.
1480 2046 1705 2082 Praematura

105 2109 216 2144 morte
250 2119 358 2154 nuper
392 2107 500 2152 erepti
538 2106 768 2152 praeceptoris
802 2105 916 2143 Wald.
954 2104 1055 2150 Kopp
1079 2115 1232 2140 summae
1266 2115 1348 2150 erga
1386 2115 1440 2139 me
1477 2101 1705 2148 benignitatis

106 2175 282 2210 nunquam
306 2164 476 2210 deponam
500 2163 712 2201 memoriam.

582 2941 665 2976 'I’ypis
685 2939 822 2976 expressit
839 2941 968 2968 Albertus
987 2939 1102 2974 Koefflg,
1126 2934 1241 2967 Gubeni.
