<?xml version="1.0" encoding="UTF-8"?>
<!DOCTYPE html PUBLIC "-//W3C//DTD XHTML 1.0 Transitional//EN"
    "http://www.w3.org/TR/xhtml1/DTD/xhtml1-transitional.dtd">
<html xmlns="http://www.w3.org/1999/xhtml" xml:lang="en" lang="en">
 <head>
  <title>
</title>
<meta http-equiv="Content-Type" content="text/html;charset=utf-8" />
  <meta name='ocr-system' content='tesseract 3.04.00' />
  <meta name='ocr-capabilities' content='ocr_page ocr_carea ocr_par ocr_line ocrx_word'/>
</head>
<body>
  <div class='ocr_page' id='page_1' title='image "./devocibuslucilia00fiscuoft_0026.png"; bbox 0 0 1910 3034; ppageno 0'>
   <div class='ocr_carea' id='block_1_1' title="bbox 958 23 1013 66">
    <p class='ocr_par' dir='ltr' id='par_1_1' title="bbox 958 23 1013 66">
     <span class='ocr_line' id='line_1_1' title="bbox 958 23 1013 66; baseline 0 0"><span class='ocrx_word' id='word_1_1' title='bbox 958 23 1013 66; x_wconf 90' lang='grc'>22</span> 
     </span>
    </p>
   </div>
   <div class='ocr_carea' id='block_1_2' title="bbox 937 83 1118 87">
    <p class='ocr_par' dir='ltr' id='par_1_2' title="bbox 937 83 1118 87">
     <span class='ocr_line' id='line_1_2' title="bbox 937 83 1118 87; baseline 0 0"><span class='ocrx_word' id='word_1_2' title='bbox 937 83 1118 87; x_wconf 95' lang='lat' dir='ltr'> </span> 
     </span>
    </p>
   </div>
   <div class='ocr_carea' id='block_1_3' title="bbox 188 153 1782 1015">
    <p class='ocr_par' dir='ltr' id='par_1_3' title="bbox 188 153 1782 1015">
     <span class='ocr_line' id='line_1_3' title="bbox 301 153 1780 219; baseline -0.002 -19"><span class='ocrx_word' id='word_1_3' title='bbox 301 157 650 214; x_wconf 87' lang='lat' dir='ltr'>toeoglyphos</span> <span class='ocrx_word' id='word_1_4' title='bbox 679 158 704 201; x_wconf 90' lang='lat' dir='ltr'>i.</span> <span class='ocrx_word' id='word_1_5' title='bbox 737 172 772 200; x_wconf 90' lang='lat' dir='ltr'>e.</span> <span class='ocrx_word' id='word_1_6' title='bbox 805 157 875 212; x_wconf 90' lang='lat' dir='ltr'>qui</span> <span class='ocrx_word' id='word_1_7' title='bbox 903 156 1061 203; x_wconf 86' lang='lat' dir='ltr'>tabulis</span> <span class='ocrx_word' id='word_1_8' title='bbox 1084 155 1279 211; x_wconf 88' lang='lat' dir='ltr'>insculpit</span> <span class='ocrx_word' id='word_1_9' title='bbox 1307 155 1477 219; x_wconf 76' lang='lat' dir='ltr'>nomina</span> <span class='ocrx_word' id='word_1_10' title='bbox 1505 166 1662 210; x_wconf 78' lang='lat' dir='ltr'>eorum,</span> <span class='ocrx_word' id='word_1_11' title='bbox 1692 153 1780 210; x_wconf 88' lang='lat' dir='ltr'>qui-</span> 
     </span>
     <span class='ocr_line' id='line_1_4' title="bbox 189 222 1780 279; baseline -0.002 -12"><span class='ocrx_word' id='word_1_12' title='bbox 189 226 266 268; x_wconf 86' lang='lat' dir='ltr'>bus</span> <span class='ocrx_word' id='word_1_13' title='bbox 301 224 478 279; x_wconf 87' lang='lat' dir='ltr'>pecunia</span> <span class='ocrx_word' id='word_1_14' title='bbox 514 224 647 267; x_wconf 89' lang='lat' dir='ltr'>fenori</span> <span class='ocrx_word' id='word_1_15' title='bbox 685 223 844 266; x_wconf 88' lang='lat' dir='ltr'>eredita</span> <span class='ocrx_word' id='word_1_16' title='bbox 881 229 945 266; x_wconf 89' lang='lat' dir='ltr'>est</span> <span class='ocrx_word' id='word_1_17' title='bbox 980 223 1006 266; x_wconf 90' lang='lat' dir='ltr'>i.</span> <span class='ocrx_word' id='word_1_18' title='bbox 1045 237 1080 267; x_wconf 88' lang='lat' dir='ltr'>e.</span> <span class='ocrx_word' id='word_1_19' title='bbox 1117 224 1336 276; x_wconf 78' lang='lat' dir='ltr'>fenerator,</span> <span class='ocrx_word' id='word_1_20' title='bbox 1375 237 1414 266; x_wconf 91' lang='lat' dir='ltr'>v.</span> <span class='ocrx_word' id='word_1_21' title='bbox 1452 222 1536 265; x_wconf 83' lang='lat'>435</span> <span class='ocrx_word' id='word_1_22' title='bbox 1569 222 1654 278; x_wconf 84' lang='lat'>(15,</span> <span class='ocrx_word' id='word_1_23' title='bbox 1688 222 1780 276; x_wconf 81' lang='lat'>24):</span> 
     </span>
     <span class='ocr_line' id='line_1_5' title="bbox 189 287 1782 347; baseline -0.001 -13"><span class='ocrx_word' id='word_1_24' title='bbox 189 305 269 346; x_wconf 89' lang='lat' dir='ltr'>„ac</span> <span class='ocrx_word' id='word_1_25' title='bbox 305 291 358 333; x_wconf 90' lang='lat' dir='ltr'>de</span> <span class='ocrx_word' id='word_1_26' title='bbox 393 291 474 334; x_wconf 79' lang='lat' dir='ltr'>isto</span> <span class='ocrx_word' id='word_1_27' title='bbox 513 304 633 334; x_wconf 90' lang='lat' dir='ltr'>sacer</span> <span class='ocrx_word' id='word_1_28' title='bbox 669 291 739 333; x_wconf 93' lang='lat' dir='ltr'>ille</span> <span class='ocrx_word' id='word_1_29' title='bbox 774 291 1051 346; x_wconf 86' lang='lat' dir='ltr'>toeoglyphos</span> <span class='ocrx_word' id='word_1_30' title='bbox 1088 304 1139 334; x_wconf 89' lang='lat' dir='ltr'>ac</span> <span class='ocrx_word' id='word_1_31' title='bbox 1175 288 1470 347; x_wconf 81' lang='lat' dir='ltr'>Syrophoenix</span> <span class='ocrx_word' id='word_1_32' title='bbox 1507 287 1606 344; x_wconf 85' lang='lat' dir='ltr'>quid</span> <span class='ocrx_word' id='word_1_33' title='bbox 1642 288 1782 332; x_wconf 81' lang='lat' dir='ltr'>facere</span> 
     </span>
     <span class='ocr_line' id='line_1_6' title="bbox 189 354 1780 414; baseline -0.002 -13"><span class='ocrx_word' id='word_1_34' title='bbox 189 362 254 402; x_wconf 91' lang='lat' dir='ltr'>est</span> <span class='ocrx_word' id='word_1_35' title='bbox 269 358 415 401; x_wconf 87' lang='lat' dir='ltr'>solitus</span> <span class='ocrx_word' id='word_1_36' title='bbox 425 359 476 400; x_wconf 78' lang='lat'>‘?“</span> <span class='ocrx_word' id='word_1_37' title='bbox 521 358 652 401; x_wconf 86' lang='lat' dir='ltr'>Godd.</span> <span class='ocrx_word' id='word_1_38' title='bbox 670 358 792 401; x_wconf 90' lang='lat' dir='ltr'>Nonii</span> <span class='ocrx_word' id='word_1_39' title='bbox 808 373 847 414; x_wconf 89' lang='lat' dir='ltr'>p.</span> <span class='ocrx_word' id='word_1_40' title='bbox 865 359 959 411; x_wconf 84' lang='lat'>397,</span> <span class='ocrx_word' id='word_1_41' title='bbox 975 359 1031 400; x_wconf 92' lang='grc'>20</span> <span class='ocrx_word' id='word_1_42' title='bbox 1047 357 1248 400; x_wconf 77' lang='lat' dir='ltr'>exhibent</span> <span class='ocrx_word' id='word_1_43' title='bbox 1270 357 1375 398; x_wconf 86' lang='lat' dir='ltr'>haec</span> <span class='ocrx_word' id='word_1_44' title='bbox 1398 360 1607 398; x_wconf 87' lang='lat' dir='ltr'>monstra:</span> <span class='ocrx_word' id='word_1_45' title='bbox 1638 354 1780 410; x_wconf 91' lang='lat' dir='ltr'>„illoto</span> 
     </span>
     <span class='ocr_line' id='line_1_7' title="bbox 189 421 1780 479; baseline -0.002 -12"><span class='ocrx_word' id='word_1_46' title='bbox 189 425 296 468; x_wconf 89' lang='lat' dir='ltr'>colfo</span> <span class='ocrx_word' id='word_1_47' title='bbox 327 425 491 467; x_wconf 82' lang='lat' dir='ltr'>saxsiro</span> <span class='ocrx_word' id='word_1_48' title='bbox 521 425 666 467; x_wconf 80' lang='lat' dir='ltr'>fenix“</span> <span class='ocrx_word' id='word_1_49' title='bbox 697 424 783 467; x_wconf 89' lang='lat' dir='ltr'>vel:</span> <span class='ocrx_word' id='word_1_50' title='bbox 815 424 957 478; x_wconf 85' lang='lat' dir='ltr'>„illoto</span> <span class='ocrx_word' id='word_1_51' title='bbox 988 422 1096 466; x_wconf 86' lang='lat' dir='ltr'>colfo</span> <span class='ocrx_word' id='word_1_52' title='bbox 1128 437 1285 479; x_wconf 82' lang='lat' dir='ltr'>saxyro</span> <span class='ocrx_word' id='word_1_53' title='bbox 1314 421 1536 476; x_wconf 76' lang='lat' dir='ltr'>phoenix‘·‘‚</span> <span class='ocrx_word' id='word_1_54' title='bbox 1559 434 1612 464; x_wconf 89' lang='lat' dir='ltr'>ex</span> <span class='ocrx_word' id='word_1_55' title='bbox 1634 421 1780 477; x_wconf 84' lang='lat' dir='ltr'>quibus</span> 
     </span>
     <span class='ocr_line' id='line_1_8' title="bbox 188 489 1779 547; baseline -0.003 -13"><span class='ocrx_word' id='word_1_56' title='bbox 188 491 355 534; x_wconf 86' lang='lat' dir='ltr'>Junium</span> <span class='ocrx_word' id='word_1_57' title='bbox 383 504 471 534; x_wconf 91' lang='lat' dir='ltr'>voc.</span> <span class='ocrx_word' id='word_1_58' title='bbox 504 491 643 545; x_wconf 85' lang='lat' dir='ltr'>„ille“,</span> <span class='ocrx_word' id='word_1_59' title='bbox 674 490 868 533; x_wconf 84' lang='lat' dir='ltr'>Rothium</span> <span class='ocrx_word' id='word_1_60' title='bbox 900 505 988 534; x_wconf 90' lang='lat' dir='ltr'>voc.</span> <span class='ocrx_word' id='word_1_61' title='bbox 1021 489 1368 547; x_wconf 78' lang='grc' dir='ltr'>,,τοκογλυ’φος“,</span> <span class='ocrx_word' id='word_1_62' title='bbox 1399 489 1638 531; x_wconf 87' lang='lat' dir='ltr'>Turnebum</span> <span class='ocrx_word' id='word_1_63' title='bbox 1667 501 1779 532; x_wconf 88' lang='lat' dir='ltr'>voc.:</span> 
     </span>
     <span class='ocr_line' id='line_1_9' title="bbox 188 555 1779 614; baseline -0.002 -14"><span class='ocrx_word' id='word_1_64' title='bbox 188 572 266 612; x_wconf 84' lang='lat' dir='ltr'>„ac</span> <span class='ocrx_word' id='word_1_65' title='bbox 297 557 619 614; x_wconf 79' lang='lat' dir='ltr'>Syrophoenix“</span> <span class='ocrx_word' id='word_1_66' title='bbox 649 557 884 600; x_wconf 83' lang='lat' dir='ltr'>restituisse</span> <span class='ocrx_word' id='word_1_67' title='bbox 923 558 975 601; x_wconf 87' lang='lat' dir='ltr'>M.</span> <span class='ocrx_word' id='word_1_68' title='bbox 1007 556 1192 600; x_wconf 79' lang='lat' dir='ltr'>adnotat.</span> <span class='ocrx_word' id='word_1_69' title='bbox 1236 581 1292 587; x_wconf 89' lang='lat'>—</span> <span class='ocrx_word' id='word_1_70' title='bbox 1335 555 1668 612; x_wconf 79' lang='grc' dir='ltr'>,,τοκογλυ’φος“</span> <span class='ocrx_word' id='word_1_71' title='bbox 1710 569 1779 611; x_wconf 90' lang='lat' dir='ltr'>ap.</span> 
     </span>
     <span class='ocr_line' id='line_1_10' title="bbox 189 622 1778 679; baseline -0.002 -12"><span class='ocrx_word' id='word_1_72' title='bbox 189 625 420 668; x_wconf 89' lang='lat' dir='ltr'>Philodem.</span> <span class='ocrx_word' id='word_1_73' title='bbox 450 625 504 667; x_wconf 87' lang='grc'>32</span> <span class='ocrx_word' id='word_1_74' title='bbox 535 625 591 678; x_wconf 76' lang='grc'>(0,</span> <span class='ocrx_word' id='word_1_75' title='bbox 621 625 740 679; x_wconf 66' lang='grc'>520),</span> <span class='ocrx_word' id='word_1_76' title='bbox 777 625 879 667; x_wconf 92' lang='lat' dir='ltr'>Luc.</span> <span class='ocrx_word' id='word_1_77' title='bbox 914 625 983 669; x_wconf 89' lang='lat' dir='ltr'>vit.</span> <span class='ocrx_word' id='word_1_78' title='bbox 1028 629 1135 667; x_wconf 82' lang='lat' dir='ltr'>auct.</span> <span class='ocrx_word' id='word_1_79' title='bbox 1173 624 1246 678; x_wconf 80' lang='lat'>233</span> <span class='ocrx_word' id='word_1_80' title='bbox 1285 622 1391 665; x_wconf 90' lang='lat' dir='ltr'>Plut.</span> <span class='ocrx_word' id='word_1_81' title='bbox 1431 622 1534 664; x_wconf 92' lang='lat' dir='ltr'>Mor.</span> <span class='ocrx_word' id='word_1_82' title='bbox 1574 636 1612 678; x_wconf 89' lang='lat' dir='ltr'>p.</span> <span class='ocrx_word' id='word_1_83' title='bbox 1651 623 1701 665; x_wconf 88' lang='grc'>18</span> <span class='ocrx_word' id='word_1_84' title='bbox 1730 623 1778 664; x_wconf 85' lang='grc' dir='ltr'>Ε.</span> 
     </span>
     <span class='ocr_line' id='line_1_11' title="bbox 191 689 1780 747; baseline 0.001 -14"><span class='ocrx_word' id='word_1_85' title='bbox 191 695 247 747; x_wconf 88' lang='lat' dir='ltr'>(p.</span> <span class='ocrx_word' id='word_1_86' title='bbox 268 692 320 733; x_wconf 88' lang='lat'>41</span> <span class='ocrx_word' id='word_1_87' title='bbox 343 690 408 734; x_wconf 93' lang='lat' dir='ltr'>ed.</span> <span class='ocrx_word' id='word_1_88' title='bbox 429 690 633 743; x_wconf 80' lang='lat' dir='ltr'>Hercher)</span> <span class='ocrx_word' id='word_1_89' title='bbox 655 691 843 746; x_wconf 88' lang='lat' dir='ltr'>aliosque</span> <span class='ocrx_word' id='word_1_90' title='bbox 863 690 1095 733; x_wconf 85' lang='lat' dir='ltr'>invenimus</span> <span class='ocrx_word' id='word_1_91' title='bbox 1117 693 1158 733; x_wconf 92' lang='lat' dir='ltr'>et</span> <span class='ocrx_word' id='word_1_92' title='bbox 1176 689 1273 732; x_wconf 87' lang='lat' dir='ltr'>inde</span> <span class='ocrx_word' id='word_1_93' title='bbox 1295 689 1407 732; x_wconf 87' lang='lat' dir='ltr'>verb.</span> <span class='ocrx_word' id='word_1_94' title='bbox 1429 690 1780 746; x_wconf 80' lang='grc' dir='ltr'>,,τοκογλυφεῖν“</span> 
     </span>
     <span class='ocr_line' id='line_1_12' title="bbox 189 756 1778 813; baseline -0.001 -12"><span class='ocrx_word' id='word_1_95' title='bbox 189 758 423 802; x_wconf 75' lang='lat' dir='ltr'>derivatum</span> <span class='ocrx_word' id='word_1_96' title='bbox 453 763 531 813; x_wconf 87' lang='lat' dir='ltr'>est,</span> <span class='ocrx_word' id='word_1_97' title='bbox 560 771 640 813; x_wconf 91' lang='lat' dir='ltr'>quo</span> <span class='ocrx_word' id='word_1_98' title='bbox 662 759 761 800; x_wconf 92' lang='lat' dir='ltr'>Luc.</span> <span class='ocrx_word' id='word_1_99' title='bbox 792 771 910 800; x_wconf 92' lang='lat' dir='ltr'>conv.</span> <span class='ocrx_word' id='word_1_100' title='bbox 942 759 995 800; x_wconf 85' lang='grc'>36</span> <span class='ocrx_word' id='word_1_101' title='bbox 1027 757 1297 812; x_wconf 82' lang='lat' dir='ltr'>saepiusque3</span> <span class='ocrx_word' id='word_1_102' title='bbox 1327 756 1432 800; x_wconf 88' lang='lat' dir='ltr'>Plut.</span> <span class='ocrx_word' id='word_1_103' title='bbox 1460 770 1561 798; x_wconf 89' lang='lat' dir='ltr'>mor.</span> <span class='ocrx_word' id='word_1_104' title='bbox 1584 771 1622 811; x_wconf 86' lang='lat' dir='ltr'>p.</span> <span class='ocrx_word' id='word_1_105' title='bbox 1653 756 1778 799; x_wconf 87' lang='lat' dir='ltr'>34D.</span> 
     </span>
     <span class='ocr_line' id='line_1_13' title="bbox 190 823 1779 881; baseline -0.001 -14"><span class='ocrx_word' id='word_1_106' title='bbox 190 827 246 881; x_wconf 92' lang='lat' dir='ltr'>(p.</span> <span class='ocrx_word' id='word_1_107' title='bbox 279 826 331 867; x_wconf 85' lang='lat'>79</span> <span class='ocrx_word' id='word_1_108' title='bbox 361 825 427 869; x_wconf 85' lang='lat' dir='ltr'>ed.</span> <span class='ocrx_word' id='word_1_109' title='bbox 459 825 648 879; x_wconf 79' lang='lat' dir='ltr'>Herch.);</span> <span class='ocrx_word' id='word_1_110' title='bbox 683 824 787 869; x_wconf 86' lang='lat' dir='ltr'>Poll.</span> <span class='ocrx_word' id='word_1_111' title='bbox 809 826 847 878; x_wconf 83' lang='lat'>3,</span> <span class='ocrx_word' id='word_1_112' title='bbox 870 839 903 867; x_wconf 92' lang='lat' dir='ltr'>c.</span> <span class='ocrx_word' id='word_1_113' title='bbox 925 826 951 867; x_wconf 79' lang='grc'><strong>9</strong></span> <span class='ocrx_word' id='word_1_114' title='bbox 971 828 1150 867; x_wconf 90' lang='lat' dir='ltr'>utuntur.</span> <span class='ocrx_word' id='word_1_115' title='bbox 1172 848 1225 854; x_wconf 87' lang='lat'>——-</span> <span class='ocrx_word' id='word_1_116' title='bbox 1246 823 1382 866; x_wconf 66' lang='lat' dir='ltr'>Simili</span> <span class='ocrx_word' id='word_1_117' title='bbox 1403 837 1530 866; x_wconf 89' lang='lat' dir='ltr'>sensu</span> <span class='ocrx_word' id='word_1_118' title='bbox 1558 823 1779 878; x_wconf 87' lang='lat' dir='ltr'>‚,tocullio“</span> 
     </span>
     <span class='ocr_line' id='line_1_14' title="bbox 188 890 1779 947; baseline -0.002 -12"><span class='ocrx_word' id='word_1_119' title='bbox 188 906 256 947; x_wconf 89' lang='lat' dir='ltr'>ap.</span> <span class='ocrx_word' id='word_1_120' title='bbox 296 891 381 934; x_wconf 87' lang='lat' dir='ltr'>Cic.</span> <span class='ocrx_word' id='word_1_121' title='bbox 417 891 474 934; x_wconf 91' lang='lat' dir='ltr'>ad</span> <span class='ocrx_word' id='word_1_122' title='bbox 508 892 592 934; x_wconf 90' lang='lat' dir='ltr'>Att.</span> <span class='ocrx_word' id='word_1_123' title='bbox 630 893 668 946; x_wconf 88' lang='grc'>2,</span> <span class='ocrx_word' id='word_1_124' title='bbox 710 893 729 933; x_wconf 88' lang='grc'><strong>1</strong></span> <span class='ocrx_word' id='word_1_125' title='bbox 768 894 794 945; x_wconf 64' lang='grc' dir='ltr'>ξ</span> <span class='ocrx_word' id='word_1_126' title='bbox 828 892 878 934; x_wconf 92' lang='grc'>12</span> <span class='ocrx_word' id='word_1_127' title='bbox 908 892 1124 947; x_wconf 86' lang='lat' dir='ltr'>reperitur.</span> <span class='ocrx_word' id='word_1_128' title='bbox 1154 916 1209 922; x_wconf 94' lang='lat'>—</span> <span class='ocrx_word' id='word_1_129' title='bbox 1239 890 1322 934; x_wconf 85' lang='lat' dir='ltr'>Cfr.</span> <span class='ocrx_word' id='word_1_130' title='bbox 1354 904 1389 934; x_wconf 86' lang='lat' dir='ltr'>e.</span> <span class='ocrx_word' id='word_1_131' title='bbox 1421 904 1482 946; x_wconf 87' lang='lat' dir='ltr'>gr.</span> <span class='ocrx_word' id='word_1_132' title='bbox 1513 904 1603 934; x_wconf 89' lang='lat' dir='ltr'>voc.</span> <span class='ocrx_word' id='word_1_133' title='bbox 1629 890 1779 946; x_wconf 89' lang='lat' dir='ltr'>jocose</span> 
     </span>
     <span class='ocr_line' id='line_1_15' title="bbox 188 958 1290 1015; baseline 0 -14"><span class='ocrx_word' id='word_1_134' title='bbox 188 959 327 1002; x_wconf 88' lang='lat' dir='ltr'>fictum</span> <span class='ocrx_word' id='word_1_135' title='bbox 359 959 692 1015; x_wconf 80' lang='grc' dir='ltr'>,,τυρογλυ’φος“</span> <span class='ocrx_word' id='word_1_136' title='bbox 723 973 789 1015; x_wconf 87' lang='lat' dir='ltr'>ap.</span> <span class='ocrx_word' id='word_1_137' title='bbox 821 959 940 1003; x_wconf 90' lang='lat' dir='ltr'>Hom.</span> <span class='ocrx_word' id='word_1_138' title='bbox 972 959 1166 1002; x_wconf 84' lang='lat' dir='ltr'>Batrach.</span> <span class='ocrx_word' id='word_1_139' title='bbox 1200 958 1290 1001; x_wconf 83' lang='lat'>137.</span> 
     </span>
    </p>
   </div>
   <div class='ocr_carea' id='block_1_4' title="bbox 244 1068 1784 1791">
    <p class='ocr_par' dir='ltr' id='par_1_4' title="bbox 244 1068 1784 1791">
     <span class='ocr_line' id='line_1_16' title="bbox 387 1068 1778 1125; baseline -0.004 -10"><span class='ocrx_word' id='word_1_140' title='bbox 387 1070 526 1115; x_wconf 79' lang='grc' dir='ltr'><strong>Αηηοῒ</strong></span> <span class='ocrx_word' id='word_1_141' title='bbox 566 1070 592 1115; x_wconf 95' lang='grc' dir='ltr'>Ι.</span> <span class='ocrx_word' id='word_1_142' title='bbox 665 1069 868 1113; x_wconf 85' lang='lat' dir='ltr'>Omittere</span> <span class='ocrx_word' id='word_1_143' title='bbox 911 1069 1007 1112; x_wconf 91' lang='lat' dir='ltr'>nolo</span> <span class='ocrx_word' id='word_1_144' title='bbox 1050 1070 1263 1113; x_wconf 90' lang='lat' dir='ltr'>Loewium</span> <span class='ocrx_word' id='word_1_145' title='bbox 1308 1069 1367 1123; x_wconf 91' lang='lat' dir='ltr'>(in</span> <span class='ocrx_word' id='word_1_146' title='bbox 1412 1068 1550 1125; x_wconf 86' lang='lat' dir='ltr'>prodr.</span> <span class='ocrx_word' id='word_1_147' title='bbox 1596 1082 1636 1123; x_wconf 86' lang='lat' dir='ltr'>p.</span> <span class='ocrx_word' id='word_1_148' title='bbox 1679 1068 1778 1121; x_wconf 86' lang='grc'>332)</span> 
     </span>
     <span class='ocr_line' id='line_1_17' title="bbox 245 1134 1778 1193; baseline -0.001 -15"><span class='ocrx_word' id='word_1_149' title='bbox 245 1150 399 1179; x_wconf 87' lang='lat' dir='ltr'>novum</span> <span class='ocrx_word' id='word_1_150' title='bbox 460 1137 673 1180; x_wconf 88' lang='lat' dir='ltr'>invenisse</span> <span class='ocrx_word' id='word_1_151' title='bbox 738 1137 1035 1193; x_wconf 82' lang='lat' dir='ltr'>fragmentum,</span> <span class='ocrx_word' id='word_1_152' title='bbox 1106 1137 1216 1192; x_wconf 89' lang='lat' dir='ltr'>quod</span> <span class='ocrx_word' id='word_1_153' title='bbox 1285 1135 1543 1191; x_wconf 81' lang='lat' dir='ltr'>argument-is</span> <span class='ocrx_word' id='word_1_154' title='bbox 1613 1134 1778 1190; x_wconf 91' lang='lat' dir='ltr'>quidem</span> 
     </span>
     <span class='ocr_line' id='line_1_18' title="bbox 245 1200 1780 1259; baseline -0.001 -14"><span class='ocrx_word' id='word_1_155' title='bbox 245 1203 442 1258; x_wconf 90' lang='lat' dir='ltr'>gravibus</span> <span class='ocrx_word' id='word_1_156' title='bbox 493 1204 824 1259; x_wconf 79' lang='lat' dir='ltr'>perspicuisque,</span> <span class='ocrx_word' id='word_1_157' title='bbox 876 1203 951 1246; x_wconf 88' lang='lat' dir='ltr'>sed</span> <span class='ocrx_word' id='word_1_158' title='bbox 1002 1208 1142 1246; x_wconf 89' lang='lat' dir='ltr'>tamen</span> <span class='ocrx_word' id='word_1_159' title='bbox 1184 1203 1351 1246; x_wconf 88' lang='lat' dir='ltr'>incertis</span> <span class='ocrx_word' id='word_1_160' title='bbox 1395 1216 1479 1245; x_wconf 91' lang='lat' dir='ltr'>non</span> <span class='ocrx_word' id='word_1_161' title='bbox 1531 1202 1622 1244; x_wconf 88' lang='lat' dir='ltr'>sine</span> <span class='ocrx_word' id='word_1_162' title='bbox 1666 1200 1780 1244; x_wconf 92' lang='lat' dir='ltr'>dubi-</span> 
     </span>
     <span class='ocr_line' id='line_1_19' title="bbox 244 1268 1782 1325; baseline -0.001 -13"><span class='ocrx_word' id='word_1_163' title='bbox 244 1270 400 1313; x_wconf 82' lang='lat' dir='ltr'>tatione</span> <span class='ocrx_word' id='word_1_164' title='bbox 435 1270 592 1313; x_wconf 89' lang='lat' dir='ltr'>Lucilio</span> <span class='ocrx_word' id='word_1_165' title='bbox 640 1271 822 1314; x_wconf 81' lang='lat' dir='ltr'>ascribit.</span> <span class='ocrx_word' id='word_1_166' title='bbox 895 1272 1003 1314; x_wconf 88' lang='lat' dir='ltr'>Nam</span> <span class='ocrx_word' id='word_1_167' title='bbox 1040 1271 1175 1325; x_wconf 84' lang='lat' dir='ltr'>„inter</span> <span class='ocrx_word' id='word_1_168' title='bbox 1216 1270 1389 1325; x_wconf 85' lang='lat' dir='ltr'>Placidi,</span> <span class='ocrx_word' id='word_1_169' title='bbox 1426 1269 1571 1324; x_wconf 88' lang='lat' dir='ltr'>inquit,</span> <span class='ocrx_word' id='word_1_170' title='bbox 1614 1268 1782 1324; x_wconf 84' lang='lat' dir='ltr'>glossas</span> 
     </span>
     <span class='ocr_line' id='line_1_20' title="bbox 245 1335 1782 1393; baseline -0.001 -14"><span class='ocrx_word' id='word_1_171' title='bbox 245 1336 358 1379; x_wconf 90' lang='lat' dir='ltr'>haud</span> <span class='ocrx_word' id='word_1_172' title='bbox 407 1350 563 1392; x_wconf 88' lang='lat' dir='ltr'>paucas</span> <span class='ocrx_word' id='word_1_173' title='bbox 614 1337 851 1380; x_wconf 90' lang='lat' dir='ltr'>Lucilianas</span> <span class='ocrx_word' id='word_1_174' title='bbox 900 1351 1009 1393; x_wconf 89' lang='lat' dir='ltr'>esse,</span> <span class='ocrx_word' id='word_1_175' title='bbox 1062 1352 1153 1381; x_wconf 90' lang='lat' dir='ltr'>cum</span> <span class='ocrx_word' id='word_1_176' title='bbox 1202 1337 1640 1391; x_wconf 83' lang='lat' dir='ltr'>demonstraverimus,</span> <span class='ocrx_word' id='word_1_177' title='bbox 1683 1335 1782 1378; x_wconf 91' lang='lat' dir='ltr'>vide</span> 
     </span>
     <span class='ocr_line' id='line_1_21' title="bbox 247 1402 1782 1460; baseline -0.001 -15"><span class='ocrx_word' id='word_1_178' title='bbox 247 1417 344 1445; x_wconf 92' lang='lat' dir='ltr'>num</span> <span class='ocrx_word' id='word_1_179' title='bbox 412 1417 565 1446; x_wconf 90' lang='lat' dir='ltr'>novum</span> <span class='ocrx_word' id='word_1_180' title='bbox 634 1408 785 1460; x_wconf 91' lang='lat' dir='ltr'>poetae</span> <span class='ocrx_word' id='word_1_181' title='bbox 847 1404 1126 1460; x_wconf 84' lang='lat' dir='ltr'>fragmentum</span> <span class='ocrx_word' id='word_1_182' title='bbox 1181 1406 1224 1447; x_wconf 90' lang='lat' dir='ltr'>in</span> <span class='ocrx_word' id='word_1_183' title='bbox 1280 1406 1360 1447; x_wconf 91' lang='lat' dir='ltr'>hac</span> <span class='ocrx_word' id='word_1_184' title='bbox 1406 1403 1582 1459; x_wconf 85' lang='lat' dir='ltr'>agnosci</span> <span class='ocrx_word' id='word_1_185' title='bbox 1629 1402 1782 1459; x_wconf 85' lang='lat' dir='ltr'>possit:</span> 
     </span>
     <span class='ocr_line' id='line_1_22' title="bbox 247 1468 1783 1527; baseline 0.003 -16"><span class='ocrx_word' id='word_1_186' title='bbox 247 1469 406 1511; x_wconf 88' lang='lat' dir='ltr'>Plaeid.</span> <span class='ocrx_word' id='word_1_187' title='bbox 443 1470 509 1524; x_wconf 81' lang='lat'>55,</span> <span class='ocrx_word' id='word_1_188' title='bbox 548 1470 621 1512; x_wconf 82' lang='lat'>25:</span> <span class='ocrx_word' id='word_1_189' title='bbox 654 1470 856 1526; x_wconf 88' lang='lat' dir='ltr'>juvenale</span> <span class='ocrx_word' id='word_1_190' title='bbox 907 1472 1071 1527; x_wconf 90' lang='lat' dir='ltr'>phaos</span> <span class='ocrx_word' id='word_1_191' title='bbox 1122 1471 1251 1527; x_wconf 75' lang='lat' dir='ltr'>(librit</span> <span class='ocrx_word' id='word_1_192' title='bbox 1287 1471 1461 1527; x_wconf 90' lang='lat' dir='ltr'>pharos)</span> <span class='ocrx_word' id='word_1_193' title='bbox 1510 1471 1536 1512; x_wconf 91' lang='lat' dir='ltr'>i.</span> <span class='ocrx_word' id='word_1_194' title='bbox 1576 1483 1612 1512; x_wconf 91' lang='lat' dir='ltr'>e.</span> <span class='ocrx_word' id='word_1_195' title='bbox 1655 1468 1783 1526; x_wconf 83' lang='grc' dir='ltr'><strong><em>φαός.·</em></strong></span> 
     </span>
     <span class='ocr_line' id='line_1_23' title="bbox 248 1534 1784 1592; baseline 0 -15"><span class='ocrx_word' id='word_1_196' title='bbox 248 1549 413 1592; x_wconf 86' lang='lat' dir='ltr'>semper</span> <span class='ocrx_word' id='word_1_197' title='bbox 455 1538 597 1579; x_wconf 89' lang='lat' dir='ltr'>virens</span> <span class='ocrx_word' id='word_1_198' title='bbox 647 1541 688 1579; x_wconf 89' lang='lat' dir='ltr'>et</span> <span class='ocrx_word' id='word_1_199' title='bbox 734 1552 946 1592; x_wconf 87' lang='lat' dir='ltr'>nunquam</span> <span class='ocrx_word' id='word_1_200' title='bbox 999 1552 1223 1581; x_wconf 88' lang='lat' dir='ltr'>senescens</span> <span class='ocrx_word' id='word_1_201' title='bbox 1261 1538 1412 1589; x_wconf 87' lang='lat' dir='ltr'>lumen,</span> <span class='ocrx_word' id='word_1_202' title='bbox 1451 1541 1495 1579; x_wconf 89' lang='lat' dir='ltr'>ut</span> <span class='ocrx_word' id='word_1_203' title='bbox 1531 1537 1567 1578; x_wconf 91' lang='lat' dir='ltr'>si</span> <span class='ocrx_word' id='word_1_204' title='bbox 1602 1535 1655 1578; x_wconf 93' lang='lat' dir='ltr'>de</span> <span class='ocrx_word' id='word_1_205' title='bbox 1693 1534 1784 1578; x_wconf 91' lang='lat' dir='ltr'>sole</span> 
     </span>
     <span class='ocr_line' id='line_1_24' title="bbox 246 1601 1784 1661; baseline 0 -17"><span class='ocrx_word' id='word_1_206' title='bbox 246 1601 446 1645; x_wconf 83' lang='lat' dir='ltr'>dicamus.</span> <span class='ocrx_word' id='word_1_207' title='bbox 503 1628 558 1633; x_wconf 90' lang='lat'>—-</span> <span class='ocrx_word' id='word_1_208' title='bbox 615 1603 757 1646; x_wconf 88' lang='lat' dir='ltr'>Habes</span> <span class='ocrx_word' id='word_1_209' title='bbox 802 1603 1040 1660; x_wconf 89' lang='lat' dir='ltr'>rhythmum</span> <span class='ocrx_word' id='word_1_210' title='bbox 1084 1604 1355 1661; x_wconf 84' lang='lat' dir='ltr'>dactylicum,</span> <span class='ocrx_word' id='word_1_211' title='bbox 1410 1607 1455 1646; x_wconf 91' lang='lat' dir='ltr'>ut</span> <span class='ocrx_word' id='word_1_212' title='bbox 1502 1602 1684 1654; x_wconf 88' lang='lat' dir='ltr'>videtur,</span> <span class='ocrx_word' id='word_1_213' title='bbox 1743 1605 1784 1644; x_wconf 91' lang='lat' dir='ltr'>et</span> 
     </span>
     <span class='ocr_line' id='line_1_25' title="bbox 246 1670 1781 1725; baseline 0 -14"><span class='ocrx_word' id='word_1_214' title='bbox 246 1683 393 1712; x_wconf 88' lang='lat' dir='ltr'>vocem</span> <span class='ocrx_word' id='word_1_215' title='bbox 435 1683 630 1725; x_wconf 86' lang='lat' dir='ltr'>graecam</span> <span class='ocrx_word' id='word_1_216' title='bbox 673 1671 781 1714; x_wconf 88' lang='lat' dir='ltr'>inter</span> <span class='ocrx_word' id='word_1_217' title='bbox 823 1671 998 1714; x_wconf 89' lang='lat' dir='ltr'>Latinas</span> <span class='ocrx_word' id='word_1_218' title='bbox 1042 1672 1284 1715; x_wconf 68' lang='lat' dir='ltr'>insertamf‘</span> <span class='ocrx_word' id='word_1_219' title='bbox 1358 1670 1482 1723; x_wconf 84' lang='lat' dir='ltr'>Quod</span> <span class='ocrx_word' id='word_1_220' title='bbox 1525 1682 1781 1713; x_wconf 85' lang='lat' dir='ltr'>memorasse</span> 
     </span>
     <span class='ocr_line' id='line_1_26' title="bbox 247 1735 897 1791; baseline 0.005 -13"><span class='ocrx_word' id='word_1_221' title='bbox 247 1735 315 1778; x_wconf 87' lang='lat' dir='ltr'>hic</span> <span class='ocrx_word' id='word_1_222' title='bbox 344 1736 538 1791; x_wconf 86' lang='lat' dir='ltr'>equidem</span> <span class='ocrx_word' id='word_1_223' title='bbox 574 1737 676 1779; x_wconf 89' lang='lat' dir='ltr'>satis</span> <span class='ocrx_word' id='word_1_224' title='bbox 707 1737 897 1782; x_wconf 89' lang='lat' dir='ltr'>habeam.</span> 
     </span>
    </p>
   </div>
   <div class='ocr_carea' id='block_1_5' title="bbox 389 1848 1785 1905">
    <p class='ocr_par' dir='ltr' id='par_1_5' title="bbox 389 1848 1785 1905">
     <span class='ocr_line' id='line_1_27' title="bbox 389 1848 1785 1905; baseline -0.001 -13"><span class='ocrx_word' id='word_1_225' title='bbox 389 1848 541 1893; x_wconf 72' lang='lat' dir='ltr'>Annot.</span> <span class='ocrx_word' id='word_1_226' title='bbox 571 1848 613 1893; x_wconf 88' lang='grc'>2.</span> <span class='ocrx_word' id='word_1_227' title='bbox 672 1850 766 1891; x_wconf 93' lang='lat' dir='ltr'>Duo</span> <span class='ocrx_word' id='word_1_228' title='bbox 798 1850 1071 1904; x_wconf 87' lang='lat' dir='ltr'>substantiva,</span> <span class='ocrx_word' id='word_1_229' title='bbox 1102 1864 1222 1905; x_wconf 90' lang='lat' dir='ltr'>quae,</span> <span class='ocrx_word' id='word_1_230' title='bbox 1254 1849 1288 1892; x_wconf 90' lang='lat' dir='ltr'>si</span> <span class='ocrx_word' id='word_1_231' title='bbox 1318 1849 1502 1892; x_wconf 87' lang='lat' dir='ltr'>Lucilius</span> <span class='ocrx_word' id='word_1_232' title='bbox 1531 1849 1583 1892; x_wconf 90' lang='lat' dir='ltr'>iis</span> <span class='ocrx_word' id='word_1_233' title='bbox 1613 1863 1659 1892; x_wconf 90' lang='lat' dir='ltr'>re</span> <span class='ocrx_word' id='word_1_234' title='bbox 1681 1862 1785 1892; x_wconf 89' lang='lat' dir='ltr'>vera</span> 
     </span>
    </p>
   </div>
   <div class='ocr_carea' id='block_1_6' title="bbox 247 1913 1786 2038">
    <p class='ocr_par' dir='ltr' id='par_1_6' title="bbox 247 1913 1786 2038">
     <span class='ocr_line' id='line_1_28' title="bbox 247 1913 1786 1973; baseline 0.002 -18"><span class='ocrx_word' id='word_1_235' title='bbox 247 1926 348 1956; x_wconf 88' lang='lat' dir='ltr'>usus</span> <span class='ocrx_word' id='word_1_236' title='bbox 370 1917 495 1968; x_wconf 87' lang='lat' dir='ltr'>esset,</span> <span class='ocrx_word' id='word_1_237' title='bbox 515 1914 659 1957; x_wconf 86' lang='lat' dir='ltr'>itidem</span> <span class='ocrx_word' id='word_1_238' title='bbox 688 1913 801 1969; x_wconf 79' lang='grc' dir='ltr'><strong><em>ἅπαξ</em></strong></span> <span class='ocrx_word' id='word_1_239' title='bbox 826 1916 1031 1973; x_wconf 77' lang='grc' dir='ltr'><em>λεγόμενα</em></span> <span class='ocrx_word' id='word_1_240' title='bbox 1060 1919 1204 1959; x_wconf 88' lang='lat' dir='ltr'>essent</span> <span class='ocrx_word' id='word_1_241' title='bbox 1232 1916 1274 1958; x_wconf 93' lang='lat' dir='ltr'>in</span> <span class='ocrx_word' id='word_1_242' title='bbox 1303 1915 1447 1970; x_wconf 89' lang='lat' dir='ltr'>lingua</span> <span class='ocrx_word' id='word_1_243' title='bbox 1467 1915 1610 1970; x_wconf 89' lang='lat' dir='ltr'>latina,</span> <span class='ocrx_word' id='word_1_244' title='bbox 1641 1918 1786 1958; x_wconf 85' lang='lat' dir='ltr'>contra</span> 
     </span>
     <span class='ocr_line' id='line_1_29' title="bbox 249 1979 978 2038; baseline 0.005 -17"><span class='ocrx_word' id='word_1_245' title='bbox 249 1979 348 2022; x_wconf 93' lang='lat' dir='ltr'>Luc.</span> <span class='ocrx_word' id='word_1_246' title='bbox 380 1980 490 2024; x_wconf 77' lang='lat' dir='ltr'>Mull.</span> <span class='ocrx_word' id='word_1_247' title='bbox 522 1995 548 2023; x_wconf 91' lang='lat' dir='ltr'>a</span> <span class='ocrx_word' id='word_1_248' title='bbox 577 1981 736 2024; x_wconf 91' lang='lat' dir='ltr'>Lucilio</span> <span class='ocrx_word' id='word_1_249' title='bbox 766 1982 978 2038; x_wconf 89' lang='lat' dir='ltr'>abjudico:</span> 
     </span>
    </p>
   </div>
   <div class='ocr_carea' id='block_1_7' title="bbox 306 2057 1788 2780">
    <p class='ocr_par' dir='ltr' id='par_1_7' title="bbox 306 2057 1788 2780">
     <span class='ocr_line' id='line_1_30' title="bbox 362 2057 1784 2114; baseline 0.001 -14"><span class='ocrx_word' id='word_1_250' title='bbox 362 2060 389 2110; x_wconf 90' lang='lat'>¹)</span> <span class='ocrx_word' id='word_1_251' title='bbox 420 2059 585 2100; x_wconf 88' lang='lat' dir='ltr'>aristo</span> <span class='ocrx_word' id='word_1_252' title='bbox 598 2058 829 2114; x_wconf 88' lang='lat' dir='ltr'>phorum,</span> <span class='ocrx_word' id='word_1_253' title='bbox 868 2059 936 2102; x_wconf 91' lang='lat' dir='ltr'>lib.</span> <span class='ocrx_word' id='word_1_254' title='bbox 973 2060 1012 2113; x_wconf 86' lang='lat'>3,</span> <span class='ocrx_word' id='word_1_255' title='bbox 1043 2060 1095 2101; x_wconf 77' lang='lat'>58</span> <span class='ocrx_word' id='word_1_256' title='bbox 1126 2059 1168 2100; x_wconf 91' lang='lat' dir='ltr'>in</span> <span class='ocrx_word' id='word_1_257' title='bbox 1197 2060 1431 2114; x_wconf 83' lang='lat' dir='ltr'>fragmento</span> <span class='ocrx_word' id='word_1_258' title='bbox 1462 2072 1488 2100; x_wconf 88' lang='lat' dir='ltr'>a</span> <span class='ocrx_word' id='word_1_259' title='bbox 1516 2058 1647 2101; x_wconf 90' lang='lat' dir='ltr'>Paulo</span> <span class='ocrx_word' id='word_1_260' title='bbox 1677 2057 1784 2101; x_wconf 90' lang='lat' dir='ltr'>diac.</span> 
     </span>
     <span class='ocr_line' id='line_1_31' title="bbox 306 2124 1785 2180; baseline 0.001 -15"><span class='ocrx_word' id='word_1_261' title='bbox 306 2125 357 2166; x_wconf 82' lang='lat'>27</span> <span class='ocrx_word' id='word_1_262' title='bbox 394 2124 565 2166; x_wconf 88' lang='lat' dir='ltr'>tradito:</span> <span class='ocrx_word' id='word_1_263' title='bbox 611 2125 950 2180; x_wconf 78' lang='lat' dir='ltr'>„aristophorum</span> <span class='ocrx_word' id='word_1_264' title='bbox 998 2127 1116 2179; x_wconf 81' lang='lat' dir='ltr'>vas“,</span> <span class='ocrx_word' id='word_1_265' title='bbox 1170 2125 1282 2180; x_wconf 89' lang='lat' dir='ltr'>quod</span> <span class='ocrx_word' id='word_1_266' title='bbox 1331 2124 1443 2167; x_wconf 89' lang='lat' dir='ltr'>solus</span> <span class='ocrx_word' id='word_1_267' title='bbox 1479 2125 1548 2179; x_wconf 67' lang='lat' dir='ltr'>M„</span> <span class='ocrx_word' id='word_1_268' title='bbox 1594 2125 1785 2180; x_wconf 91' lang='lat' dir='ltr'>quamvis</span> 
     </span>
     <span class='ocr_line' id='line_1_32' title="bbox 307 2190 1788 2247; baseline 0.001 -15"><span class='ocrx_word' id='word_1_269' title='bbox 307 2190 454 2232; x_wconf 89' lang='lat' dir='ltr'>Lucilii</span> <span class='ocrx_word' id='word_1_270' title='bbox 473 2204 568 2232; x_wconf 89' lang='lat' dir='ltr'>esse</span> <span class='ocrx_word' id='word_1_271' title='bbox 589 2205 792 2246; x_wconf 88' lang='lat' dir='ltr'>nusquam</span> <span class='ocrx_word' id='word_1_272' title='bbox 813 2191 1053 2245; x_wconf 83' lang='lat' dir='ltr'>affirmetur,</span> <span class='ocrx_word' id='word_1_273' title='bbox 1075 2206 1159 2233; x_wconf 91' lang='lat' dir='ltr'>non</span> <span class='ocrx_word' id='word_1_274' title='bbox 1180 2195 1300 2234; x_wconf 89' lang='lat' dir='ltr'>caute</span> <span class='ocrx_word' id='word_1_275' title='bbox 1321 2192 1470 2247; x_wconf 88' lang='lat' dir='ltr'>capite,</span> <span class='ocrx_word' id='word_1_276' title='bbox 1492 2192 1557 2235; x_wconf 88' lang='lat' dir='ltr'>eui</span> <span class='ocrx_word' id='word_1_277' title='bbox 1575 2191 1788 2247; x_wconf 87' lang='lat' dir='ltr'>inscripsit</span> 
     </span>
     <span class='ocr_line' id='line_1_33' title="bbox 307 2256 1787 2313; baseline 0 -14"><span class='ocrx_word' id='word_1_278' title='bbox 307 2258 496 2311; x_wconf 85' lang='lat' dir='ltr'>„Dubia“</span> <span class='ocrx_word' id='word_1_279' title='bbox 543 2259 599 2313; x_wconf 81' lang='lat' dir='ltr'>(p.</span> <span class='ocrx_word' id='word_1_280' title='bbox 640 2258 718 2299; x_wconf 73' lang='lat'>158</span> <span class='ocrx_word' id='word_1_281' title='bbox 756 2258 853 2301; x_wconf 87' lang='lat' dir='ltr'>edit.</span> <span class='ocrx_word' id='word_1_282' title='bbox 897 2261 1030 2311; x_wconf 86' lang='lat' dir='ltr'>suae),</span> <span class='ocrx_word' id='word_1_283' title='bbox 1075 2258 1356 2301; x_wconf 89' lang='lat' dir='ltr'>audacissime</span> <span class='ocrx_word' id='word_1_284' title='bbox 1398 2272 1499 2301; x_wconf 90' lang='lat' dir='ltr'>vero</span> <span class='ocrx_word' id='word_1_285' title='bbox 1543 2258 1635 2301; x_wconf 90' lang='lat' dir='ltr'>libri</span> <span class='ocrx_word' id='word_1_286' title='bbox 1676 2256 1787 2300; x_wconf 89' lang='lat' dir='ltr'>tertii</span> 
     </span>
     <span class='ocr_line' id='line_1_34' title="bbox 307 2322 1786 2380; baseline 0.001 -15"><span class='ocrx_word' id='word_1_287' title='bbox 307 2324 517 2366; x_wconf 80' lang='lat' dir='ltr'>contextui</span> <span class='ocrx_word' id='word_1_288' title='bbox 551 2324 724 2366; x_wconf 87' lang='lat' dir='ltr'>inseruit</span> <span class='ocrx_word' id='word_1_289' title='bbox 753 2331 934 2367; x_wconf 87' lang='lat' dir='ltr'>ceterum</span> <span class='ocrx_word' id='word_1_290' title='bbox 964 2325 1112 2368; x_wconf 89' lang='lat' dir='ltr'>iisdem</span> <span class='ocrx_word' id='word_1_291' title='bbox 1142 2329 1266 2380; x_wconf 89' lang='lat' dir='ltr'>atque</span> <span class='ocrx_word' id='word_1_292' title='bbox 1299 2325 1466 2367; x_wconf 78' lang='lat' dir='ltr'>L&#39;owius</span> <span class='ocrx_word' id='word_1_293' title='bbox 1498 2325 1611 2379; x_wconf 90' lang='lat' dir='ltr'>(vide</span> <span class='ocrx_word' id='word_1_294' title='bbox 1642 2322 1786 2380; x_wconf 80' lang='lat' dir='ltr'>supra)</span> 
     </span>
     <span class='ocr_line' id='line_1_35' title="bbox 308 2389 1784 2447; baseline 0 -16"><span class='ocrx_word' id='word_1_295' title='bbox 308 2404 405 2432; x_wconf 91' lang='lat' dir='ltr'>usus</span> <span class='ocrx_word' id='word_1_296' title='bbox 442 2391 710 2445; x_wconf 86' lang='lat' dir='ltr'>argumentis.</span> <span class='ocrx_word' id='word_1_297' title='bbox 768 2392 830 2434; x_wconf 89' lang='lat' dir='ltr'>Ac</span> <span class='ocrx_word' id='word_1_298' title='bbox 866 2392 1045 2447; x_wconf 89' lang='lat' dir='ltr'>primum</span> <span class='ocrx_word' id='word_1_299' title='bbox 1082 2392 1186 2435; x_wconf 91' lang='lat' dir='ltr'>haec</span> <span class='ocrx_word' id='word_1_300' title='bbox 1215 2392 1315 2434; x_wconf 90' lang='lat' dir='ltr'>mihi</span> <span class='ocrx_word' id='word_1_301' title='bbox 1350 2406 1433 2435; x_wconf 90' lang='lat' dir='ltr'>non</span> <span class='ocrx_word' id='word_1_302' title='bbox 1468 2391 1527 2434; x_wconf 88' lang='lat' dir='ltr'>ita</span> <span class='ocrx_word' id='word_1_303' title='bbox 1565 2389 1784 2443; x_wconf 78' lang='lat' dir='ltr'>sufficiunt,</span> 
     </span>
     <span class='ocr_line' id='line_1_36' title="bbox 307 2454 1787 2514; baseline 0.002 -16"><span class='ocrx_word' id='word_1_304' title='bbox 307 2460 351 2498; x_wconf 93' lang='lat' dir='ltr'>ut</span> <span class='ocrx_word' id='word_1_305' title='bbox 387 2457 544 2499; x_wconf 90' lang='lat' dir='ltr'>Lucilio</span> <span class='ocrx_word' id='word_1_306' title='bbox 588 2463 713 2511; x_wconf 84' lang='lat' dir='ltr'>atque</span> <span class='ocrx_word' id='word_1_307' title='bbox 756 2458 863 2500; x_wconf 78' lang='lat' dir='ltr'>adeo</span> <span class='ocrx_word' id='word_1_308' title='bbox 907 2463 1046 2501; x_wconf 87' lang='lat' dir='ltr'>certae</span> <span class='ocrx_word' id='word_1_309' title='bbox 1081 2459 1170 2514; x_wconf 88' lang='lat' dir='ltr'>ejus</span> <span class='ocrx_word' id='word_1_310' title='bbox 1207 2459 1363 2501; x_wconf 87' lang='lat' dir='ltr'>satirae</span> <span class='ocrx_word' id='word_1_311' title='bbox 1396 2457 1640 2501; x_wconf 89' lang='lat' dir='ltr'>vocabulum</span> <span class='ocrx_word' id='word_1_312' title='bbox 1675 2454 1787 2510; x_wconf 81' lang='grc' dir='ltr'><strong><em>ἅπαξ</em></strong></span> 
     </span>
     <span class='ocr_line' id='line_1_37' title="bbox 309 2523 1788 2579; baseline 0 -13"><span class='ocrx_word' id='word_1_313' title='bbox 309 2523 535 2578; x_wconf 82' lang='grc' dir='ltr'><em>λεγόμενον</em></span> <span class='ocrx_word' id='word_1_314' title='bbox 563 2524 750 2566; x_wconf 87' lang='lat' dir='ltr'>tribuam.</span> <span class='ocrx_word' id='word_1_315' title='bbox 809 2525 973 2567; x_wconf 87' lang='lat' dir='ltr'>Deinde</span> <span class='ocrx_word' id='word_1_316' title='bbox 1001 2551 1055 2555; x_wconf 89' lang='lat'>——</span> <span class='ocrx_word' id='word_1_317' title='bbox 1085 2526 1195 2579; x_wconf 90' lang='lat' dir='ltr'>quod</span> <span class='ocrx_word' id='word_1_318' title='bbox 1225 2526 1452 2568; x_wconf 82' lang='lat' dir='ltr'>maximum</span> <span class='ocrx_word' id='word_1_319' title='bbox 1482 2530 1547 2567; x_wconf 90' lang='lat' dir='ltr'>est</span> <span class='ocrx_word' id='word_1_320' title='bbox 1573 2549 1629 2555; x_wconf 89' lang='lat'><em>—</em></span> <span class='ocrx_word' id='word_1_321' title='bbox 1657 2524 1788 2567; x_wconf 84' lang='lat' dir='ltr'>verba</span> 
     </span>
     <span class='ocr_line' id='line_1_38' title="bbox 309 2587 1787 2648; baseline 0.002 -19"><span class='ocrx_word' id='word_1_322' title='bbox 309 2587 399 2630; x_wconf 87' lang='lat' dir='ltr'>illa:</span> <span class='ocrx_word' id='word_1_323' title='bbox 446 2589 777 2644; x_wconf 86' lang='lat' dir='ltr'>„aristophorum</span> <span class='ocrx_word' id='word_1_324' title='bbox 813 2592 914 2633; x_wconf 82' lang='lat' dir='ltr'>vas“</span> <span class='ocrx_word' id='word_1_325' title='bbox 954 2606 1006 2633; x_wconf 86' lang='lat' dir='ltr'>cx</span> <span class='ocrx_word' id='word_1_326' title='bbox 1043 2606 1168 2634; x_wconf 83' lang='lat' dir='ltr'>versu</span> <span class='ocrx_word' id='word_1_327' title='bbox 1206 2592 1382 2648; x_wconf 89' lang='lat' dir='ltr'>alicujus</span> <span class='ocrx_word' id='word_1_328' title='bbox 1425 2595 1577 2648; x_wconf 82' lang='lat' dir='ltr'>poetae</span> <span class='ocrx_word' id='word_1_329' title='bbox 1620 2593 1787 2645; x_wconf 88' lang='lat' dir='ltr'>sumpta</span> 
     </span>
     <span class='ocr_line' id='line_1_39' title="bbox 309 2655 1783 2713; baseline 0.003 -19"><span class='ocrx_word' id='word_1_330' title='bbox 309 2668 405 2695; x_wconf 88' lang='lat' dir='ltr'>esse</span> <span class='ocrx_word' id='word_1_331' title='bbox 462 2655 629 2697; x_wconf 87' lang='lat' dir='ltr'>omnino</span> <span class='ocrx_word' id='word_1_332' title='bbox 693 2670 820 2710; x_wconf 77' lang='lat' dir='ltr'>nego,</span> <span class='ocrx_word' id='word_1_333' title='bbox 889 2671 980 2699; x_wconf 90' lang='lat' dir='ltr'>cum</span> <span class='ocrx_word' id='word_1_334' title='bbox 1035 2659 1195 2713; x_wconf 88' lang='lat' dir='ltr'>potius:</span> <span class='ocrx_word' id='word_1_335' title='bbox 1259 2658 1616 2713; x_wconf 87' lang='lat' dir='ltr'>„aristophorum:</span> <span class='ocrx_word' id='word_1_336' title='bbox 1680 2655 1783 2699; x_wconf 83' lang='lat' dir='ltr'>vas“</span> 
     </span>
     <span class='ocr_line' id='line_1_40' title="bbox 312 2721 1534 2780; baseline 0.005 -19"><span class='ocrx_word' id='word_1_337' title='bbox 312 2721 531 2775; x_wconf 85' lang='lat' dir='ltr'>scripsisse</span> <span class='ocrx_word' id='word_1_338' title='bbox 561 2725 600 2763; x_wconf 91' lang='lat' dir='ltr'>et</span> <span class='ocrx_word' id='word_1_339' title='bbox 628 2722 942 2777; x_wconf 83' lang='lat' dir='ltr'>interpretatum</span> <span class='ocrx_word' id='word_1_340' title='bbox 975 2737 1069 2766; x_wconf 89' lang='lat' dir='ltr'>esse</span> <span class='ocrx_word' id='word_1_341' title='bbox 1098 2724 1272 2766; x_wconf 89' lang='lat' dir='ltr'>Paulum</span> <span class='ocrx_word' id='word_1_342' title='bbox 1303 2724 1534 2780; x_wconf 84' lang='lat' dir='ltr'>conjiciam.</span> 
     </span>
    </p>
   </div>
   <div class='ocr_carea' id='block_1_8' title="bbox 311 2819 1785 2945">
    <p class='ocr_par' dir='ltr' id='par_1_8' title="bbox 311 2819 1785 2945">
     <span class='ocr_line' id='line_1_41' title="bbox 367 2819 1785 2878; baseline 0.005 -19"><span class='ocrx_word' id='word_1_343' title='bbox 367 2820 397 2872; x_wconf 80' lang='grc'>2)</span> <span class='ocrx_word' id='word_1_344' title='bbox 427 2819 559 2861; x_wconf 89' lang='lat' dir='ltr'>cline</span> <span class='ocrx_word' id='word_1_345' title='bbox 589 2821 659 2873; x_wconf 81' lang='lat' dir='ltr'>(M.</span> <span class='ocrx_word' id='word_1_346' title='bbox 694 2822 758 2874; x_wconf 83' lang='lat'>30,</span> <span class='ocrx_word' id='word_1_347' title='bbox 790 2822 881 2878; x_wconf 73' lang='lat'>40);</span> <span class='ocrx_word' id='word_1_348' title='bbox 920 2823 1115 2866; x_wconf 80' lang='lat' dir='ltr'>exhibent</span> <span class='ocrx_word' id='word_1_349' title='bbox 1145 2824 1253 2866; x_wconf 90' lang='lat' dir='ltr'>enim</span> <span class='ocrx_word' id='word_1_350' title='bbox 1281 2823 1405 2866; x_wconf 89' lang='lat' dir='ltr'>Nonii</span> <span class='ocrx_word' id='word_1_351' title='bbox 1441 2823 1562 2866; x_wconf 89' lang='lat' dir='ltr'>codd.</span> <span class='ocrx_word' id='word_1_352' title='bbox 1606 2837 1645 2878; x_wconf 93' lang='lat' dir='ltr'>p.</span> <span class='ocrx_word' id='word_1_353' title='bbox 1690 2823 1785 2877; x_wconf 83' lang='lat'>234,</span> 
     </span>
     <span class='ocr_line' id='line_1_42' title="bbox 311 2886 1784 2945; baseline 0.004 -20"><span class='ocrx_word' id='word_1_354' title='bbox 311 2886 383 2925; x_wconf 82' lang='lat'>31:</span> <span class='ocrx_word' id='word_1_355' title='bbox 417 2899 545 2939; x_wconf 83' lang='lat' dir='ltr'>„unus</span> <span class='ocrx_word' id='word_1_356' title='bbox 577 2888 799 2929; x_wconf 69' lang='lat' dir='ltr'>consternit</span> <span class='ocrx_word' id='word_1_357' title='bbox 832 2889 948 2930; x_wconf 87' lang='lat' dir='ltr'>novis</span> <span class='ocrx_word' id='word_1_358' title='bbox 971 2894 1068 2932; x_wconf 84' lang='lat' dir='ltr'>vetu</span> <span class='ocrx_word' id='word_1_359' title='bbox 1091 2890 1278 2932; x_wconf 79' lang='lat' dir='ltr'>&#39;restibus</span> <span class='ocrx_word' id='word_1_360' title='bbox 1309 2890 1479 2945; x_wconf 82' lang='lat' dir='ltr'>aptus“;</span> <span class='ocrx_word' id='word_1_361' title='bbox 1512 2890 1580 2932; x_wconf 92' lang='lat' dir='ltr'>hic</span> <span class='ocrx_word' id='word_1_362' title='bbox 1607 2893 1784 2932; x_wconf 84' lang='lat' dir='ltr'>tantum-</span> 
     </span>
    </p>
   </div>
   <div class='ocr_carea' id='block_1_9' title="bbox 1868 0 1890 158">
    <p class='ocr_par' dir='ltr' id='par_1_9' title="bbox 1868 0 1890 158">
     <span class='ocr_line' id='line_1_43' title="bbox 1868 0 1890 158; textangle 90"><span class='ocrx_word' id='word_1_363' title='bbox 1871 147 1874 158; x_wconf 68' lang='lat'>..</span> <span class='ocrx_word' id='word_1_364' title='bbox 1883 115 1887 120; x_wconf 33' lang='grc'>,</span> <span class='ocrx_word' id='word_1_365' title='bbox 1868 0 1890 99; x_wconf 33' lang='lat' dir='ltr'>§qa-q</span> 
     </span>
    </p>
   </div>
  </div>
 </body>
</html>
