<?xml version="1.0" encoding="UTF-8"?>
<!DOCTYPE html PUBLIC "-//W3C//DTD XHTML 1.0 Transitional//EN"
    "http://www.w3.org/TR/xhtml1/DTD/xhtml1-transitional.dtd">
<html xmlns="http://www.w3.org/1999/xhtml" xml:lang="en" lang="en">
 <head>
  <title>
</title>
<meta http-equiv="Content-Type" content="text/html;charset=utf-8" />
  <meta name='ocr-system' content='tesseract 3.04.00' />
  <meta name='ocr-capabilities' content='ocr_page ocr_carea ocr_par ocr_line ocrx_word'/>
</head>
<body>
  <div class='ocr_page' id='page_1' title='image "./devocibuslucilia00fiscuoft_0050.png"; bbox 0 0 1910 3034; ppageno 0'>
   <div class='ocr_carea' id='block_1_1' title="bbox 1005 54 1060 96">
    <p class='ocr_par' dir='ltr' id='par_1_1' title="bbox 1005 54 1060 96">
     <span class='ocr_line' id='line_1_1' title="bbox 1005 54 1060 96; baseline 0 0"><span class='ocrx_word' id='word_1_1' title='bbox 1005 54 1060 96; x_wconf 90' lang='grc'><strong>46</strong></span> 
     </span>
    </p>
   </div>
   <div class='ocr_carea' id='block_1_2' title="bbox 910 114 1171 118">
    <p class='ocr_par' dir='ltr' id='par_1_2' title="bbox 910 114 1171 118">
     <span class='ocr_line' id='line_1_2' title="bbox 910 114 1171 118; baseline 0 0"><span class='ocrx_word' id='word_1_2' title='bbox 910 114 1171 118; x_wconf 95' lang='lat' dir='ltr'><strong> </strong></span> 
     </span>
    </p>
   </div>
   <div class='ocr_carea' id='block_1_3' title="bbox 234 185 1834 1108">
    <p class='ocr_par' dir='ltr' id='par_1_3' title="bbox 234 185 1834 1108">
     <span class='ocr_line' id='line_1_3' title="bbox 239 185 1832 244; baseline -0.001 -12"><span class='ocrx_word' id='word_1_3' title='bbox 239 188 606 244; x_wconf 70' lang='grc' dir='ltr'><strong>,,όχληροδεςᾳιω“</strong></span> <span class='ocrx_word' id='word_1_4' title='bbox 645 201 679 229; x_wconf 86' lang='lat' dir='ltr'><strong>s.</strong></span> <span class='ocrx_word' id='word_1_5' title='bbox 715 186 1054 244; x_wconf 80' lang='grc' dir='ltr'><strong>,,όχληρωδεςο“,</strong></span> <span class='ocrx_word' id='word_1_6' title='bbox 1097 200 1205 242; x_wconf 87' lang='lat' dir='ltr'><strong>quae</strong></span> <span class='ocrx_word' id='word_1_7' title='bbox 1247 201 1331 229; x_wconf 92' lang='lat' dir='ltr'><strong>una</strong></span> <span class='ocrx_word' id='word_1_8' title='bbox 1372 185 1635 230; x_wconf 81' lang='lat' dir='ltr'>abundantes</span> <span class='ocrx_word' id='word_1_9' title='bbox 1664 185 1832 244; x_wconf 76' lang='lat' dir='ltr'><strong>syllaba</strong></span> 
     </span>
     <span class='ocr_line' id='line_1_4' title="bbox 238 250 1832 308; baseline -0.001 -12"><span class='ocrx_word' id='word_1_10' title='bbox 238 269 264 296; x_wconf 89' lang='lat' dir='ltr'><strong>a</strong></span> <span class='ocrx_word' id='word_1_11' title='bbox 300 257 430 297; x_wconf 87' lang='lat' dir='ltr'><strong>metro</strong></span> <span class='ocrx_word' id='word_1_12' title='bbox 467 254 730 307; x_wconf 79' lang='lat' dir='ltr'><strong>abhorreant,</strong></span> <span class='ocrx_word' id='word_1_13' title='bbox 769 253 922 308; x_wconf 88' lang='lat' dir='ltr'><strong>optime</strong></span> <span class='ocrx_word' id='word_1_14' title='bbox 960 252 1151 308; x_wconf 80' lang='lat' dir='ltr'>Scaliger</span> <span class='ocrx_word' id='word_1_15' title='bbox 1185 253 1367 296; x_wconf 84' lang='lat' dir='ltr'><strong>correxit</strong></span> <span class='ocrx_word' id='word_1_16' title='bbox 1404 258 1445 296; x_wconf 89' lang='lat' dir='ltr'><strong>et</strong></span> <span class='ocrx_word' id='word_1_17' title='bbox 1480 250 1672 297; x_wconf 82' lang='lat' dir='ltr'><strong>restituit.</strong></span> <span class='ocrx_word' id='word_1_18' title='bbox 1747 251 1832 296; x_wconf 83' lang='lat' dir='ltr'><strong>Gfr.</strong></span> 
     </span>
     <span class='ocr_line' id='line_1_5' title="bbox 239 317 1832 376; baseline -0.001 -13"><span class='ocrx_word' id='word_1_19' title='bbox 239 322 291 364; x_wconf 92' lang='lat' dir='ltr'><strong>M.</strong></span> <span class='ocrx_word' id='word_1_20' title='bbox 337 334 484 364; x_wconf 88' lang='lat' dir='ltr'><strong>comm.</strong></span> <span class='ocrx_word' id='word_1_21' title='bbox 530 335 569 376; x_wconf 91' lang='lat' dir='ltr'><strong>p.</strong></span> <span class='ocrx_word' id='word_1_22' title='bbox 606 320 698 362; x_wconf 81' lang='lat'><strong>211.</strong></span> <span class='ocrx_word' id='word_1_23' title='bbox 758 319 950 361; x_wconf 90' lang='lat' dir='ltr'><strong>Hertzius</strong></span> <span class='ocrx_word' id='word_1_24' title='bbox 997 318 1322 376; x_wconf 54' lang='lat' dir='ltr'><strong>„dxmwovquffl</strong></span> <span class='ocrx_word' id='word_1_25' title='bbox 1364 319 1390 362; x_wconf 90' lang='lat' dir='ltr'><strong>i.</strong></span> <span class='ocrx_word' id='word_1_26' title='bbox 1436 333 1470 362; x_wconf 91' lang='lat' dir='ltr'><strong>e.</strong></span> <span class='ocrx_word' id='word_1_27' title='bbox 1516 317 1832 373; x_wconf 87' lang='lat' dir='ltr'><strong>molestumque,</strong></span> 
     </span>
     <span class='ocr_line' id='line_1_6' title="bbox 238 384 1832 444; baseline -0.001 -14"><span class='ocrx_word' id='word_1_28' title='bbox 238 388 349 442; x_wconf 87' lang='lat' dir='ltr'><strong>quod</strong></span> <span class='ocrx_word' id='word_1_29' title='bbox 388 402 531 444; x_wconf 89' lang='lat' dir='ltr'><strong>parum</strong></span> <span class='ocrx_word' id='word_1_30' title='bbox 566 386 620 429; x_wconf 89' lang='lat' dir='ltr'><strong>ad</strong></span> <span class='ocrx_word' id='word_1_31' title='bbox 659 399 828 428; x_wconf 88' lang='lat' dir='ltr'><strong>sensum</strong></span> <span class='ocrx_word' id='word_1_32' title='bbox 864 386 989 428; x_wconf 89' lang='lat' dir='ltr'><strong>totius</strong></span> <span class='ocrx_word' id='word_1_33' title='bbox 1030 386 1261 429; x_wconf 89' lang='lat' dir='ltr'><strong>sententiae</strong></span> <span class='ocrx_word' id='word_1_34' title='bbox 1306 385 1496 441; x_wconf 84' lang='lat' dir='ltr'><strong>quadrat.</strong></span> <span class='ocrx_word' id='word_1_35' title='bbox 1532 410 1589 416; x_wconf 92' lang='lat'><strong>—-</strong></span> <span class='ocrx_word' id='word_1_36' title='bbox 1625 384 1832 429; x_wconf 74' lang='lat' dir='ltr'><strong>Graecum</strong></span> 
     </span>
     <span class='ocr_line' id='line_1_7' title="bbox 236 451 1832 512; baseline -0.001 -16"><span class='ocrx_word' id='word_1_37' title='bbox 236 455 338 497; x_wconf 91' lang='lat' dir='ltr'><strong>illud</strong></span> <span class='ocrx_word' id='word_1_38' title='bbox 368 454 567 512; x_wconf 79' lang='grc' dir='ltr'><em>ληρώδης</em></span> <span class='ocrx_word' id='word_1_39' title='bbox 597 467 631 496; x_wconf 90' lang='lat' dir='ltr'><strong>e.</strong></span> <span class='ocrx_word' id='word_1_40' title='bbox 662 467 722 507; x_wconf 86' lang='lat' dir='ltr'><strong>gr.</strong></span> <span class='ocrx_word' id='word_1_41' title='bbox 753 466 821 508; x_wconf 92' lang='lat' dir='ltr'><strong>ap.</strong></span> <span class='ocrx_word' id='word_1_42' title='bbox 852 453 958 495; x_wconf 89' lang='lat' dir='ltr'><strong>Plat.</strong></span> <span class='ocrx_word' id='word_1_43' title='bbox 990 452 1163 496; x_wconf 75' lang='lat' dir='ltr'><strong>Theaet.</strong></span> <span class='ocrx_word' id='word_1_44' title='bbox 1197 453 1324 507; x_wconf 84' lang='lat' dir='ltr'>174d3</span> <span class='ocrx_word' id='word_1_45' title='bbox 1355 452 1482 495; x_wconf 89' lang='lat' dir='ltr'><strong>Arist.</strong></span> <span class='ocrx_word' id='word_1_46' title='bbox 1514 451 1620 494; x_wconf 84' lang='lat' dir='ltr'><strong>rhet.</strong></span> <span class='ocrx_word' id='word_1_47' title='bbox 1639 451 1679 506; x_wconf 83' lang='lat'><strong>3,</strong></span> <span class='ocrx_word' id='word_1_48' title='bbox 1702 451 1767 507; x_wconf 86' lang='lat'><strong>13,</strong></span> <span class='ocrx_word' id='word_1_49' title='bbox 1786 452 1832 507; x_wconf 83' lang='grc'><strong>2;</strong></span> 
     </span>
     <span class='ocr_line' id='line_1_8' title="bbox 237 517 1831 575; baseline -0.003 -11"><span class='ocrx_word' id='word_1_50' title='bbox 237 522 289 564; x_wconf 91' lang='lat' dir='ltr'><strong>H.</strong></span> <span class='ocrx_word' id='word_1_51' title='bbox 318 522 367 565; x_wconf 89' lang='lat' dir='ltr'><strong>A.</strong></span> <span class='ocrx_word' id='word_1_52' title='bbox 399 523 437 575; x_wconf 99' lang='grc'><strong>6,</strong></span> <span class='ocrx_word' id='word_1_53' title='bbox 467 521 517 562; x_wconf 87' lang='grc'><strong>31</strong></span> <span class='ocrx_word' id='word_1_54' title='bbox 550 519 889 575; x_wconf 73' lang='lat' dir='ltr'><strong>posterioresque</strong></span> <span class='ocrx_word' id='word_1_55' title='bbox 923 519 1172 563; x_wconf 76' lang='lat' dir='ltr'><strong>invenimus,</strong></span> <span class='ocrx_word' id='word_1_56' title='bbox 1203 545 1256 550; x_wconf 93' lang='lat'>—</span> <span class='ocrx_word' id='word_1_57' title='bbox 1294 519 1487 562; x_wconf 86' lang='lat' dir='ltr'><strong>Ceterum</strong></span> <span class='ocrx_word' id='word_1_58' title='bbox 1525 517 1698 572; x_wconf 87' lang='lat' dir='ltr'><strong>Jordan,</strong></span> <span class='ocrx_word' id='word_1_59' title='bbox 1734 518 1831 561; x_wconf 87' lang='lat' dir='ltr'><strong>krit.</strong></span> 
     </span>
     <span class='ocr_line' id='line_1_9' title="bbox 238 585 1832 644; baseline -0.002 -13"><span class='ocrx_word' id='word_1_60' title='bbox 238 589 362 631; x_wconf 88' lang='lat' dir='ltr'><strong>Beitr.</strong></span> <span class='ocrx_word' id='word_1_61' title='bbox 394 602 433 643; x_wconf 91' lang='lat' dir='ltr'><strong>p.</strong></span> <span class='ocrx_word' id='word_1_62' title='bbox 464 587 546 629; x_wconf 86' lang='grc'><strong>243</strong></span> <span class='ocrx_word' id='word_1_63' title='bbox 575 586 629 628; x_wconf 89' lang='lat' dir='ltr'><strong>de</strong></span> <span class='ocrx_word' id='word_1_64' title='bbox 658 586 838 642; x_wconf 83' lang='lat' dir='ltr'><strong>hybrida</strong></span> <span class='ocrx_word' id='word_1_65' title='bbox 865 585 939 628; x_wconf 91' lang='lat' dir='ltr'><strong>illa</strong></span> <span class='ocrx_word' id='word_1_66' title='bbox 968 587 1101 629; x_wconf 88' lang='lat' dir='ltr'><strong>forma</strong></span> <span class='ocrx_word' id='word_1_67' title='bbox 1130 587 1462 644; x_wconf 69' lang='grc' dir='ltr'><strong>,,ληρῶδες(]ηθ“</strong></span> <span class='ocrx_word' id='word_1_68' title='bbox 1481 585 1589 628; x_wconf 89' lang='lat' dir='ltr'><strong>haec</strong></span> <span class='ocrx_word' id='word_1_69' title='bbox 1619 585 1832 642; x_wconf 84' lang='lat' dir='ltr'><strong>exposuit:</strong></span> 
     </span>
     <span class='ocr_line' id='line_1_10' title="bbox 236 651 1833 709; baseline -0.001 -13"><span class='ocrx_word' id='word_1_70' title='bbox 236 654 337 709; x_wconf 89' lang='lat' dir='ltr'><strong>„Ich</strong></span> <span class='ocrx_word' id='word_1_71' title='bbox 373 660 490 696; x_wconf 86' lang='lat' dir='ltr'><strong>traue</strong></span> <span class='ocrx_word' id='word_1_72' title='bbox 527 652 669 695; x_wconf 88' lang='lat' dir='ltr'><strong>weder</strong></span> <span class='ocrx_word' id='word_1_73' title='bbox 702 655 961 707; x_wconf 67' lang='grc' dir='ltr'>Φαίνωνᾳιιο</span> <span class='ocrx_word' id='word_1_74' title='bbox 1000 653 1095 695; x_wconf 88' lang='lat' dir='ltr'><strong>dem</strong></span> <span class='ocrx_word' id='word_1_75' title='bbox 1126 653 1272 696; x_wconf 86' lang='lat' dir='ltr'><strong>Cicero</strong></span> <span class='ocrx_word' id='word_1_76' title='bbox 1305 653 1375 707; x_wconf 87' lang='lat' dir='ltr'><strong>(de</strong></span> <span class='ocrx_word' id='word_1_77' title='bbox 1405 655 1490 697; x_wconf 91' lang='lat' dir='ltr'><strong>nat.</strong></span> <span class='ocrx_word' id='word_1_78' title='bbox 1523 651 1577 695; x_wconf 91' lang='lat' dir='ltr'><strong>de</strong></span> <span class='ocrx_word' id='word_1_79' title='bbox 1606 665 1666 696; x_wconf 90' lang='lat' dir='ltr'><strong>or.</strong></span> <span class='ocrx_word' id='word_1_80' title='bbox 1696 653 1737 708; x_wconf 82' lang='lat'><strong>2,</strong></span> <span class='ocrx_word' id='word_1_81' title='bbox 1765 652 1833 707; x_wconf 86' lang='lat'><strong>20,</strong></span> 
     </span>
     <span class='ocr_line' id='line_1_11' title="bbox 236 718 1834 777; baseline -0.001 -15"><span class='ocrx_word' id='word_1_82' title='bbox 236 722 306 773; x_wconf 81' lang='grc'><strong>52)</strong></span> <span class='ocrx_word' id='word_1_83' title='bbox 336 720 444 762; x_wconf 91' lang='lat' dir='ltr'><strong>noch</strong></span> <span class='ocrx_word' id='word_1_84' title='bbox 475 721 747 777; x_wconf 70' lang='grc' dir='ltr'><strong>ληρῶδεςᾳιιθ</strong></span> <span class='ocrx_word' id='word_1_85' title='bbox 776 718 872 761; x_wconf 87' lang='lat' dir='ltr'><strong>dem</strong></span> <span class='ocrx_word' id='word_1_86' title='bbox 894 719 1076 762; x_wconf 79' lang='lat' dir='ltr'><strong>Lucilius</strong></span> <span class='ocrx_word' id='word_1_87' title='bbox 1107 733 1169 763; x_wconf 90' lang='lat' dir='ltr'><strong>zu.</strong></span> <span class='ocrx_word' id='word_1_88' title='bbox 1229 720 1282 762; x_wconf 86' lang='lat' dir='ltr'><strong>Ja</strong></span> <span class='ocrx_word' id='word_1_89' title='bbox 1309 733 1354 762; x_wconf 90' lang='lat' dir='ltr'><strong>es</strong></span> <span class='ocrx_word' id='word_1_90' title='bbox 1374 718 1567 762; x_wconf 77' lang='lat' dir='ltr'><strong>bediirfte</strong></span> <span class='ocrx_word' id='word_1_91' title='bbox 1586 718 1696 762; x_wconf 91' lang='lat' dir='ltr'><strong>noch</strong></span> <span class='ocrx_word' id='word_1_92' title='bbox 1717 718 1834 762; x_wconf 87' lang='lat' dir='ltr'><strong>einer</strong></span> 
     </span>
     <span class='ocr_line' id='line_1_12' title="bbox 236 785 1831 842; baseline -0.001 -13"><span class='ocrx_word' id='word_1_93' title='bbox 236 785 528 842; x_wconf 85' lang='lat' dir='ltr'><strong>eingohenden</strong></span> <span class='ocrx_word' id='word_1_94' title='bbox 547 785 884 840; x_wconf 87' lang='lat' dir='ltr'><strong>Untersuchung,</strong></span> <span class='ocrx_word' id='word_1_95' title='bbox 915 786 965 828; x_wconf 93' lang='lat' dir='ltr'><strong>ob</strong></span> <span class='ocrx_word' id='word_1_96' title='bbox 986 786 1102 828; x_wconf 90' lang='lat' dir='ltr'><strong>nicht</strong></span> <span class='ocrx_word' id='word_1_97' title='bbox 1121 785 1190 828; x_wconf 88' lang='lat' dir='ltr'><strong>die</strong></span> <span class='ocrx_word' id='word_1_98' title='bbox 1212 785 1513 828; x_wconf 87' lang='lat' dir='ltr'><strong>Schriftsteller</strong></span> <span class='ocrx_word' id='word_1_99' title='bbox 1534 785 1831 828; x_wconf 85' lang='lat' dir='ltr'><strong>Griechisches</strong></span> 
     </span>
     <span class='ocr_line' id='line_1_13' title="bbox 235 851 1830 907; baseline -0.001 -11"><span class='ocrx_word' id='word_1_100' title='bbox 235 852 414 896; x_wconf 86' lang='lat' dir='ltr'><strong>vielfach</strong></span> <span class='ocrx_word' id='word_1_101' title='bbox 443 852 528 894; x_wconf 88' lang='lat' dir='ltr'><strong>und</strong></span> <span class='ocrx_word' id='word_1_102' title='bbox 556 851 786 895; x_wconf 88' lang='lat' dir='ltr'><strong>besonders</strong></span> <span class='ocrx_word' id='word_1_103' title='bbox 816 866 882 894; x_wconf 88' lang='lat' dir='ltr'><strong>wo</strong></span> <span class='ocrx_word' id='word_1_104' title='bbox 914 852 975 894; x_wconf 90' lang='lat' dir='ltr'><strong>sie</strong></span> <span class='ocrx_word' id='word_1_105' title='bbox 1006 852 1196 895; x_wconf 87' lang='lat' dir='ltr'><strong>einzelne</strong></span> <span class='ocrx_word' id='word_1_106' title='bbox 1224 853 1390 895; x_wconf 66' lang='lat' dir='ltr'><strong>Wiirter</strong></span> <span class='ocrx_word' id='word_1_107' title='bbox 1424 852 1651 907; x_wconf 86' lang='lat' dir='ltr'><strong>organisch</strong></span> <span class='ocrx_word' id='word_1_108' title='bbox 1681 851 1724 894; x_wconf 90' lang='lat' dir='ltr'><strong>in</strong></span> <span class='ocrx_word' id='word_1_109' title='bbox 1753 851 1830 895; x_wconf 89' lang='lat' dir='ltr'><strong>das</strong></span> 
     </span>
     <span class='ocr_line' id='line_1_14' title="bbox 236 917 1829 974; baseline -0.001 -12"><span class='ocrx_word' id='word_1_110' title='bbox 236 919 399 974; x_wconf 79' lang='lat' dir='ltr'><strong>Gefiige</strong></span> <span class='ocrx_word' id='word_1_111' title='bbox 430 918 505 961; x_wconf 89' lang='lat' dir='ltr'><strong>der</strong></span> <span class='ocrx_word' id='word_1_112' title='bbox 534 918 674 960; x_wconf 90' lang='lat' dir='ltr'><strong>latein.</strong></span> <span class='ocrx_word' id='word_1_113' title='bbox 695 917 812 960; x_wconf 87' lang='lat' dir='ltr'><strong>Rede</strong></span> <span class='ocrx_word' id='word_1_114' title='bbox 833 919 1087 974; x_wconf 88' lang='lat' dir='ltr'><strong>verwebten,</strong></span> <span class='ocrx_word' id='word_1_115' title='bbox 1118 918 1340 961; x_wconf 87' lang='lat' dir='ltr'><strong>lateinisch</strong></span> <span class='ocrx_word' id='word_1_116' title='bbox 1371 918 1647 973; x_wconf 87' lang='lat' dir='ltr'><strong>geschrieben</strong></span> <span class='ocrx_word' id='word_1_117' title='bbox 1676 918 1829 972; x_wconf 88' lang='lat' dir='ltr'><strong>haben,</strong></span> 
     </span>
     <span class='ocr_line' id='line_1_15' title="bbox 234 984 1831 1042; baseline 0 -15"><span class='ocrx_word' id='word_1_118' title='bbox 234 986 314 1028; x_wconf 87' lang='lat' dir='ltr'><strong>wie</strong></span> <span class='ocrx_word' id='word_1_119' title='bbox 357 998 402 1027; x_wconf 90' lang='lat' dir='ltr'><strong>es</strong></span> <span class='ocrx_word' id='word_1_120' title='bbox 446 999 481 1028; x_wconf 87' lang='lat' dir='ltr'><strong>z.</strong></span> <span class='ocrx_word' id='word_1_121' title='bbox 526 985 573 1026; x_wconf 92' lang='lat' dir='ltr'><strong>B.</strong></span> <span class='ocrx_word' id='word_1_122' title='bbox 618 984 674 1026; x_wconf 92' lang='lat' dir='ltr'><strong>im</strong></span> <span class='ocrx_word' id='word_1_123' title='bbox 717 988 1028 1027; x_wconf 86' lang='lat' dir='ltr'><strong>monumentum</strong></span> <span class='ocrx_word' id='word_1_124' title='bbox 1062 987 1334 1042; x_wconf 88' lang='lat' dir='ltr'><strong>Ancyranum</strong></span> <span class='ocrx_word' id='word_1_125' title='bbox 1376 986 1416 1041; x_wconf 88' lang='lat'><strong>5,</strong></span> <span class='ocrx_word' id='word_1_126' title='bbox 1463 986 1514 1028; x_wconf 86' lang='lat'><strong>19</strong></span> <span class='ocrx_word' id='word_1_127' title='bbox 1562 985 1714 1028; x_wconf 88' lang='lat' dir='ltr'><strong>heisst:</strong></span> <span class='ocrx_word' id='word_1_128' title='bbox 1759 985 1831 1040; x_wconf 89' lang='lat' dir='ltr'><strong>„in</strong></span> 
     </span>
     <span class='ocr_line' id='line_1_16' title="bbox 234 1050 1577 1108; baseline 0 -14"><span class='ocrx_word' id='word_1_129' title='bbox 234 1051 483 1106; x_wconf 90' lang='lat' dir='ltr'><strong>Ar(a)biam,</strong></span> <span class='ocrx_word' id='word_1_130' title='bbox 514 1063 730 1106; x_wconf 88' lang='lat' dir='ltr'><strong>quaequae</strong></span> <span class='ocrx_word' id='word_1_131' title='bbox 760 1050 1033 1108; x_wconf 87' lang='lat' dir='ltr'><strong>appel(latur)</strong></span> <span class='ocrx_word' id='word_1_132' title='bbox 1065 1051 1375 1106; x_wconf 84' lang='lat' dir='ltr'><strong>eud(ae)mon.“</strong></span> <span class='ocrx_word' id='word_1_133' title='bbox 1406 1066 1442 1095; x_wconf 91' lang='lat' dir='ltr'><strong>e.</strong></span> <span class='ocrx_word' id='word_1_134' title='bbox 1473 1066 1512 1107; x_wconf 91' lang='lat' dir='ltr'><strong>q.</strong></span> <span class='ocrx_word' id='word_1_135' title='bbox 1544 1065 1577 1094; x_wconf 86' lang='lat' dir='ltr'><strong>s.</strong></span> 
     </span>
    </p>
   </div>
   <div class='ocr_carea' id='block_1_4' title="bbox 237 1143 1889 1273">
    <p class='ocr_par' dir='ltr' id='par_1_4' title="bbox 237 1143 1889 1273">
     <span class='ocr_line' id='line_1_17' title="bbox 348 1143 1889 1209; baseline 0 -15"><span class='ocrx_word' id='word_1_136' title='bbox 348 1165 522 1208; x_wconf 87' lang='lat' dir='ltr'><strong>megas</strong></span> <span class='ocrx_word' id='word_1_137' title='bbox 558 1152 585 1193; x_wconf 93' lang='lat' dir='ltr'><strong>i.</strong></span> <span class='ocrx_word' id='word_1_138' title='bbox 623 1165 658 1194; x_wconf 87' lang='lat' dir='ltr'><strong>e.</strong></span> <span class='ocrx_word' id='word_1_139' title='bbox 688 1151 863 1208; x_wconf 75' lang='grc' dir='ltr'><strong>μέγας,</strong></span> <span class='ocrx_word' id='word_1_140' title='bbox 901 1166 940 1196; x_wconf 87' lang='lat' dir='ltr'><strong>v.</strong></span> <span class='ocrx_word' id='word_1_141' title='bbox 971 1152 1050 1195; x_wconf 90' lang='grc'><strong>201</strong></span> <span class='ocrx_word' id='word_1_142' title='bbox 1083 1153 1140 1207; x_wconf 87' lang='grc'><strong>(6,</strong></span> <span class='ocrx_word' id='word_1_143' title='bbox 1170 1153 1262 1207; x_wconf 79' lang='grc'><strong>20);</strong></span> <span class='ocrx_word' id='word_1_144' title='bbox 1294 1152 1492 1209; x_wconf 81' lang='lat' dir='ltr'><strong>„thauma</strong></span> <span class='ocrx_word' id='word_1_145' title='bbox 1520 1165 1659 1207; x_wconf 85' lang='lat' dir='ltr'><strong>mega,</strong></span> <span class='ocrx_word' id='word_1_146' title='bbox 1687 1151 1832 1206; x_wconf 90' lang='lat' dir='ltr'><strong>inquit,</strong></span> <span class='ocrx_word' id='word_1_147' title='bbox 1886 1143 1889 1149; x_wconf 74' lang='grc'><strong>’</strong></span> 
     </span>
     <span class='ocr_line' id='line_1_18' title="bbox 237 1219 1316 1273; baseline -0.003 -9"><span class='ocrx_word' id='word_1_148' title='bbox 237 1220 361 1264; x_wconf 89' lang='lat' dir='ltr'><strong>balba</strong></span> <span class='ocrx_word' id='word_1_149' title='bbox 390 1233 574 1262; x_wconf 90' lang='lat' dir='ltr'><strong>sororem</strong></span> <span class='ocrx_word' id='word_1_150' title='bbox 607 1232 642 1261; x_wconf 91' lang='lat' dir='ltr'><strong>e.</strong></span> <span class='ocrx_word' id='word_1_151' title='bbox 673 1233 713 1273; x_wconf 90' lang='lat' dir='ltr'><strong>q.</strong></span> <span class='ocrx_word' id='word_1_152' title='bbox 745 1221 803 1262; x_wconf 87' lang='lat' dir='ltr'><strong>s.“</strong></span> <span class='ocrx_word' id='word_1_153' title='bbox 862 1219 970 1262; x_wconf 90' lang='lat' dir='ltr'><strong>Vide</strong></span> <span class='ocrx_word' id='word_1_154' title='bbox 1001 1235 1033 1262; x_wconf 92' lang='lat' dir='ltr'><strong>s.</strong></span> <span class='ocrx_word' id='word_1_155' title='bbox 1064 1233 1103 1262; x_wconf 87' lang='lat' dir='ltr'><strong>v.</strong></span> <span class='ocrx_word' id='word_1_156' title='bbox 1132 1219 1316 1262; x_wconf 88' lang='lat' dir='ltr'><strong>thauma.</strong></span> 
     </span>
    </p>
   </div>
   <div class='ocr_carea' id='block_1_5' title="bbox 192 1318 1836 1843">
    <p class='ocr_par' dir='ltr' id='par_1_5' title="bbox 192 1318 1836 1843">
     <span class='ocr_line' id='line_1_19' title="bbox 345 1318 1830 1377; baseline -0.003 -12"><span class='ocrx_word' id='word_1_157' title='bbox 345 1318 634 1377; x_wconf 77' lang='grc' dir='ltr'><em>ὦμοτριβής</em></span> <span class='ocrx_word' id='word_1_158' title='bbox 670 1319 696 1361; x_wconf 93' lang='lat' dir='ltr'><strong>i.</strong></span> <span class='ocrx_word' id='word_1_159' title='bbox 735 1332 769 1362; x_wconf 90' lang='lat' dir='ltr'><strong>e.</strong></span> <span class='ocrx_word' id='word_1_160' title='bbox 810 1319 957 1374; x_wconf 89' lang='lat' dir='ltr'><strong>crude,</strong></span> <span class='ocrx_word' id='word_1_161' title='bbox 993 1319 1111 1376; x_wconf 90' lang='lat' dir='ltr'><strong>prelo</strong></span> <span class='ocrx_word' id='word_1_162' title='bbox 1148 1333 1319 1375; x_wconf 85' lang='lat' dir='ltr'><strong>pressus</strong></span> <span class='ocrx_word' id='word_1_163' title='bbox 1329 1352 1340 1374; x_wconf 93' lang='lat'><strong>,</strong></span> <span class='ocrx_word' id='word_1_164' title='bbox 1384 1333 1425 1362; x_wconf 89' lang='lat' dir='ltr'><strong>v.</strong></span> <span class='ocrx_word' id='word_1_165' title='bbox 1463 1319 1545 1362; x_wconf 86' lang='lat'><strong>855</strong></span> <span class='ocrx_word' id='word_1_166' title='bbox 1580 1319 1676 1375; x_wconf 90' lang='lat' dir='ltr'><strong>(inc.</strong></span> <span class='ocrx_word' id='word_1_167' title='bbox 1715 1319 1830 1373; x_wconf 83' lang='lat'>129):</span> 
     </span>
     <span class='ocr_line' id='line_1_20' title="bbox 232 1385 1831 1446; baseline -0.004 -13"><span class='ocrx_word' id='word_1_168' title='bbox 232 1387 487 1446; x_wconf 78' lang='grc' dir='ltr'>,,ὠμοτριβές</span> <span class='ocrx_word' id='word_1_169' title='bbox 531 1386 666 1430; x_wconf 86' lang='lat' dir='ltr'><strong>oleum</strong></span> <span class='ocrx_word' id='word_1_170' title='bbox 699 1386 905 1429; x_wconf 84' lang='lat' dir='ltr'><strong>Casinas“</strong></span> <span class='ocrx_word' id='word_1_171' title='bbox 951 1388 1097 1440; x_wconf 87' lang='lat' dir='ltr'><strong>(Prisc.</strong></span> <span class='ocrx_word' id='word_1_172' title='bbox 1135 1402 1175 1442; x_wconf 91' lang='lat' dir='ltr'><strong>p.</strong></span> <span class='ocrx_word' id='word_1_173' title='bbox 1216 1387 1332 1442; x_wconf 75' lang='lat'>762&gt;3</span> <span class='ocrx_word' id='word_1_174' title='bbox 1373 1387 1433 1429; x_wconf 90' lang='lat' dir='ltr'><strong>sic</strong></span> <span class='ocrx_word' id='word_1_175' title='bbox 1461 1386 1510 1428; x_wconf 92' lang='lat' dir='ltr'><strong>L.</strong></span> <span class='ocrx_word' id='word_1_176' title='bbox 1542 1390 1583 1429; x_wconf 90' lang='lat' dir='ltr'><strong>et</strong></span> <span class='ocrx_word' id='word_1_177' title='bbox 1610 1385 1665 1430; x_wconf 87' lang='lat' dir='ltr'><strong>M.</strong></span> <span class='ocrx_word' id='word_1_178' title='bbox 1723 1385 1831 1429; x_wconf 88' lang='lat' dir='ltr'><strong>Vide</strong></span> 
     </span>
     <span class='ocr_line' id='line_1_21' title="bbox 233 1451 1836 1510; baseline -0.002 -13"><span class='ocrx_word' id='word_1_179' title='bbox 233 1456 281 1497; x_wconf 91' lang='lat' dir='ltr'><strong>L.</strong></span> <span class='ocrx_word' id='word_1_180' title='bbox 301 1454 464 1496; x_wconf 82' lang='lat' dir='ltr'><strong>Miilleri</strong></span> <span class='ocrx_word' id='word_1_181' title='bbox 484 1456 624 1496; x_wconf 90' lang='lat' dir='ltr'><strong>annot.</strong></span> <span class='ocrx_word' id='word_1_182' title='bbox 655 1453 742 1497; x_wconf 88' lang='lat' dir='ltr'><strong>crit.</strong></span> <span class='ocrx_word' id='word_1_183' title='bbox 772 1467 812 1509; x_wconf 88' lang='lat' dir='ltr'><strong>p.</strong></span> <span class='ocrx_word' id='word_1_184' title='bbox 836 1454 935 1496; x_wconf 82' lang='lat'><strong>150:</strong></span> <span class='ocrx_word' id='word_1_185' title='bbox 956 1453 1213 1510; x_wconf 78' lang='grc' dir='ltr'><strong>,,ὠμοτριβε’ς</strong></span> <span class='ocrx_word' id='word_1_186' title='bbox 1232 1453 1448 1508; x_wconf 88' lang='lat' dir='ltr'><strong>Krehlius,</strong></span> <span class='ocrx_word' id='word_1_187' title='bbox 1481 1453 1751 1494; x_wconf 81' lang='lat' dir='ltr'><em>OMOTPIB</em></span> <span class='ocrx_word' id='word_1_188' title='bbox 1761 1451 1836 1494; x_wconf 89' lang='lat' dir='ltr'><strong>CC</strong></span> 
     </span>
     <span class='ocr_line' id='line_1_22' title="bbox 232 1519 1829 1576; baseline -0.002 -12"><span class='ocrx_word' id='word_1_189' title='bbox 232 1521 391 1576; x_wconf 90' lang='lat' dir='ltr'><strong>Bamb.,</strong></span> <span class='ocrx_word' id='word_1_190' title='bbox 426 1523 750 1564; x_wconf 90' lang='lat' dir='ltr'><em>OMOTPIBE</em></span> <span class='ocrx_word' id='word_1_191' title='bbox 768 1520 1036 1576; x_wconf 84' lang='lat' dir='ltr'><strong>Heidelberg,</strong></span> <span class='ocrx_word' id='word_1_192' title='bbox 1063 1524 1394 1564; x_wconf 72' lang='grc' dir='ltr'><em>ΟΜΩΤΡΙΒΕ</em></span> <span class='ocrx_word' id='word_1_193' title='bbox 1410 1520 1544 1562; x_wconf 90' lang='lat' dir='ltr'><strong>Paris.</strong></span> <span class='ocrx_word' id='word_1_194' title='bbox 1576 1520 1684 1562; x_wconf 87' lang='grc'>7496</span> <span class='ocrx_word' id='word_1_195' title='bbox 1713 1534 1767 1562; x_wconf 91' lang='lat' dir='ltr'><strong>m.</strong></span> <span class='ocrx_word' id='word_1_196' title='bbox 1788 1519 1829 1562; x_wconf 91' lang='grc'><strong>2.</strong></span> 
     </span>
     <span class='ocr_line' id='line_1_23' title="bbox 232 1586 1830 1643; baseline -0.001 -13"><span class='ocrx_word' id='word_1_197' title='bbox 232 1588 414 1643; x_wconf 85' lang='lat' dir='ltr'><strong>reliquas</strong></span> <span class='ocrx_word' id='word_1_198' title='bbox 452 1586 574 1642; x_wconf 87' lang='lat' dir='ltr'><strong>hujus</strong></span> <span class='ocrx_word' id='word_1_199' title='bbox 612 1600 703 1630; x_wconf 85' lang='lat' dir='ltr'><strong>voc.</strong></span> <span class='ocrx_word' id='word_1_200' title='bbox 739 1587 999 1643; x_wconf 82' lang='lat' dir='ltr'><strong>corruptelas</strong></span> <span class='ocrx_word' id='word_1_201' title='bbox 1034 1592 1148 1629; x_wconf 87' lang='lat' dir='ltr'><strong>ortas</strong></span> <span class='ocrx_word' id='word_1_202' title='bbox 1187 1600 1239 1629; x_wconf 91' lang='lat' dir='ltr'><strong>ea</strong></span> <span class='ocrx_word' id='word_1_203' title='bbox 1267 1600 1326 1641; x_wconf 88' lang='lat' dir='ltr'><strong>re,</strong></span> <span class='ocrx_word' id='word_1_204' title='bbox 1370 1586 1482 1642; x_wconf 89' lang='lat' dir='ltr'><strong>quod</strong></span> <span class='ocrx_word' id='word_1_205' title='bbox 1510 1586 1578 1630; x_wconf 90' lang='lat' dir='ltr'><strong>irr.</strong></span> <span class='ocrx_word' id='word_1_206' title='bbox 1615 1600 1669 1629; x_wconf 82' lang='lat' dir='ltr'><strong>ex</strong></span> <span class='ocrx_word' id='word_1_207' title='bbox 1698 1599 1830 1642; x_wconf 84' lang='lat' dir='ltr'><strong>marg.</strong></span> 
     </span>
     <span class='ocr_line' id='line_1_24' title="bbox 231 1651 1832 1711; baseline 0 -14"><span class='ocrx_word' id='word_1_208' title='bbox 231 1655 376 1711; x_wconf 85' lang='lat' dir='ltr'><strong>glossa</strong></span> <span class='ocrx_word' id='word_1_209' title='bbox 396 1655 516 1699; x_wconf 80' lang='grc' dir='ltr'><strong><em>ἐλαία</em></strong></span> <span class='ocrx_word' id='word_1_210' title='bbox 536 1651 681 1709; x_wconf 75' lang='grc' dir='ltr'><em>ἄγριος</em></span> <span class='ocrx_word' id='word_1_211' title='bbox 706 1653 852 1697; x_wconf 86' lang='lat' dir='ltr'><strong>videre</strong></span> <span class='ocrx_word' id='word_1_212' title='bbox 879 1658 944 1697; x_wconf 90' lang='lat' dir='ltr'><strong>est</strong></span> <span class='ocrx_word' id='word_1_213' title='bbox 970 1669 1037 1711; x_wconf 91' lang='lat' dir='ltr'><strong>ap.</strong></span> <span class='ocrx_word' id='word_1_214' title='bbox 1058 1654 1312 1697; x_wconf 86' lang='lat' dir='ltr'><strong>Hertzium“.</strong></span> <span class='ocrx_word' id='word_1_215' title='bbox 1365 1653 1447 1697; x_wconf 83' lang='lat' dir='ltr'><strong>Cfr.</strong></span> <span class='ocrx_word' id='word_1_216' title='bbox 1474 1653 1578 1696; x_wconf 85' lang='lat' dir='ltr'><strong>illud</strong></span> <span class='ocrx_word' id='word_1_217' title='bbox 1605 1652 1832 1711; x_wconf 76' lang='grc' dir='ltr'><strong><em>ὠμοτριβές</em></strong></span> 
     </span>
     <span class='ocr_line' id='line_1_25' title="bbox 233 1719 1829 1777; baseline -0.003 -11"><span class='ocrx_word' id='word_1_218' title='bbox 233 1723 378 1766; x_wconf 78' lang='grc' dir='ltr'><em>ἔλαιον</em></span> <span class='ocrx_word' id='word_1_219' title='bbox 405 1735 473 1777; x_wconf 92' lang='lat' dir='ltr'><strong>ap.</strong></span> <span class='ocrx_word' id='word_1_220' title='bbox 505 1720 717 1776; x_wconf 82' lang='lat' dir='ltr'><strong>Theophr.</strong></span> <span class='ocrx_word' id='word_1_221' title='bbox 747 1735 814 1777; x_wconf 90' lang='lat' dir='ltr'><strong>ap.</strong></span> <span class='ocrx_word' id='word_1_222' title='bbox 846 1721 997 1764; x_wconf 90' lang='lat' dir='ltr'><strong>Athen.</strong></span> <span class='ocrx_word' id='word_1_223' title='bbox 1028 1721 1098 1776; x_wconf 92' lang='lat' dir='ltr'><strong>II.,</strong></span> <span class='ocrx_word' id='word_1_224' title='bbox 1127 1721 1195 1776; x_wconf 90' lang='grc'><strong>67,</strong></span> <span class='ocrx_word' id='word_1_225' title='bbox 1224 1721 1262 1763; x_wconf 91' lang='lat' dir='ltr'><strong>b.</strong></span> <span class='ocrx_word' id='word_1_226' title='bbox 1321 1720 1446 1763; x_wconf 89' lang='lat' dir='ltr'><strong>Aliud</strong></span> <span class='ocrx_word' id='word_1_227' title='bbox 1467 1724 1688 1776; x_wconf 86' lang='lat' dir='ltr'><strong>praeterea</strong></span> <span class='ocrx_word' id='word_1_228' title='bbox 1706 1719 1829 1776; x_wconf 79' lang='lat' dir='ltr'><strong>hujus</strong></span> 
     </span>
     <span class='ocr_line' id='line_1_26' title="bbox 192 1787 987 1843; baseline -0.001 -11"><span class='ocrx_word' id='word_1_229' title='bbox 192 1800 195 1803; x_wconf 82' lang='lat'>&#39;</span> <span class='ocrx_word' id='word_1_230' title='bbox 232 1788 425 1832; x_wconf 77' lang='lat' dir='ltr'><strong>vocabuli</strong></span> <span class='ocrx_word' id='word_1_231' title='bbox 454 1787 691 1843; x_wconf 83' lang='lat' dir='ltr'><strong>exemplum</strong></span> <span class='ocrx_word' id='word_1_232' title='bbox 720 1801 804 1830; x_wconf 93' lang='lat' dir='ltr'><strong>non</strong></span> <span class='ocrx_word' id='word_1_233' title='bbox 833 1788 987 1832; x_wconf 86' lang='lat' dir='ltr'><strong>inveni.</strong></span> 
     </span>
    </p>
   </div>
   <div class='ocr_carea' id='block_1_6' title="bbox 231 1886 1829 2274">
    <p class='ocr_par' dir='ltr' id='par_1_6' title="bbox 231 1886 1829 2274">
     <span class='ocr_line' id='line_1_27' title="bbox 344 1886 1828 1944; baseline -0.001 -13"><span class='ocrx_word' id='word_1_234' title='bbox 344 1887 574 1944; x_wconf 83' lang='lat' dir='ltr'><strong>oxyodus</strong></span> <span class='ocrx_word' id='word_1_235' title='bbox 611 1887 638 1929; x_wconf 92' lang='lat' dir='ltr'><strong>i.</strong></span> <span class='ocrx_word' id='word_1_236' title='bbox 676 1902 711 1931; x_wconf 87' lang='lat' dir='ltr'><strong>e.</strong></span> <span class='ocrx_word' id='word_1_237' title='bbox 748 1888 882 1930; x_wconf 91' lang='lat' dir='ltr'><strong>acutis</strong></span> <span class='ocrx_word' id='word_1_238' title='bbox 920 1888 1112 1931; x_wconf 87' lang='lat' dir='ltr'><strong>dentibus</strong></span> <span class='ocrx_word' id='word_1_239' title='bbox 1149 1887 1380 1944; x_wconf 80' lang='lat' dir='ltr'><strong>praedituS,</strong></span> <span class='ocrx_word' id='word_1_240' title='bbox 1417 1902 1455 1931; x_wconf 86' lang='lat' dir='ltr'><strong>v.</strong></span> <span class='ocrx_word' id='word_1_241' title='bbox 1493 1888 1571 1930; x_wconf 83' lang='lat'><strong>871</strong></span> <span class='ocrx_word' id='word_1_242' title='bbox 1611 1888 1696 1942; x_wconf 85' lang='lat'>(30,</span> <span class='ocrx_word' id='word_1_243' title='bbox 1734 1886 1828 1943; x_wconf 85' lang='lat'><strong>44):</strong></span> 
     </span>
     <span class='ocr_line' id='line_1_28' title="bbox 231 1953 1828 2010; baseline -0.002 -12"><span class='ocrx_word' id='word_1_244' title='bbox 231 1955 303 1998; x_wconf 92' lang='lat' dir='ltr'><strong>illo</strong></span> <span class='ocrx_word' id='word_1_245' title='bbox 324 1955 423 2009; x_wconf 88' lang='lat' dir='ltr'><strong>quid</strong></span> <span class='ocrx_word' id='word_1_246' title='bbox 442 1954 526 2009; x_wconf 92' lang='lat' dir='ltr'><strong>fiat,</strong></span> <span class='ocrx_word' id='word_1_247' title='bbox 543 1954 691 1997; x_wconf 88' lang='lat' dir='ltr'><strong>Lamia</strong></span> <span class='ocrx_word' id='word_1_248' title='bbox 713 1958 754 1996; x_wconf 82' lang='lat' dir='ltr'><strong>et</strong></span> <span class='ocrx_word' id='word_1_249' title='bbox 768 1954 907 2010; x_wconf 91' lang='lat' dir='ltr'><strong>Pytho</strong></span> <span class='ocrx_word' id='word_1_250' title='bbox 929 1955 1195 2010; x_wconf 80' lang='lat' dir='ltr'><strong>oxyodontes</strong></span> <span class='ocrx_word' id='word_1_251' title='bbox 1218 1954 1329 2009; x_wconf 85' lang='lat' dir='ltr'><strong>quod</strong></span> <span class='ocrx_word' id='word_1_252' title='bbox 1350 1954 1521 1997; x_wconf 88' lang='lat' dir='ltr'><strong>veniunt</strong></span> <span class='ocrx_word' id='word_1_253' title='bbox 1536 1968 1571 1997; x_wconf 79' lang='lat' dir='ltr'><strong>e.</strong></span> <span class='ocrx_word' id='word_1_254' title='bbox 1588 1968 1628 2009; x_wconf 95' lang='lat' dir='ltr'><strong>q.</strong></span> <span class='ocrx_word' id='word_1_255' title='bbox 1650 1955 1713 1997; x_wconf 86' lang='lat' dir='ltr'><strong>s.“</strong></span> <span class='ocrx_word' id='word_1_256' title='bbox 1738 1953 1828 2007; x_wconf 90' lang='lat' dir='ltr'><strong>(M.)</strong></span> 
     </span>
     <span class='ocr_line' id='line_1_29' title="bbox 232 2015 1828 2077; baseline -0.002 -12"><span class='ocrx_word' id='word_1_257' title='bbox 232 2023 268 2065; x_wconf 84' lang='lat' dir='ltr'>E</span> <span class='ocrx_word' id='word_1_258' title='bbox 296 2025 489 2077; x_wconf 86' lang='lat' dir='ltr'><strong>corrupta</strong></span> <span class='ocrx_word' id='word_1_259' title='bbox 517 2015 706 2064; x_wconf 87' lang='lat' dir='ltr'><strong>codicum</strong></span> <span class='ocrx_word' id='word_1_260' title='bbox 735 2021 1020 2064; x_wconf 87' lang='lat' dir='ltr'><strong>Nonianorum</strong></span> <span class='ocrx_word' id='word_1_261' title='bbox 1051 2036 1091 2077; x_wconf 91' lang='lat' dir='ltr'><strong>p.</strong></span> <span class='ocrx_word' id='word_1_262' title='bbox 1125 2022 1217 2076; x_wconf 85' lang='lat'>117,</span> <span class='ocrx_word' id='word_1_263' title='bbox 1247 2022 1301 2063; x_wconf 84' lang='grc'><strong>33</strong></span> <span class='ocrx_word' id='word_1_264' title='bbox 1331 2021 1528 2063; x_wconf 86' lang='lat' dir='ltr'><strong>lectione:</strong></span> <span class='ocrx_word' id='word_1_265' title='bbox 1558 2020 1696 2075; x_wconf 90' lang='lat' dir='ltr'><strong>„Pitto</strong></span> <span class='ocrx_word' id='word_1_266' title='bbox 1725 2020 1828 2062; x_wconf 88' lang='lat' dir='ltr'><strong>ixio-</strong></span> 
     </span>
     <span class='ocr_line' id='line_1_30' title="bbox 234 2085 1829 2144; baseline -0.001 -13"><span class='ocrx_word' id='word_1_267' title='bbox 234 2089 411 2132; x_wconf 84' lang='lat' dir='ltr'><strong>dontes“</strong></span> <span class='ocrx_word' id='word_1_268' title='bbox 433 2088 622 2143; x_wconf 83' lang='lat' dir='ltr'><strong>Scaliger</strong></span> <span class='ocrx_word' id='word_1_269' title='bbox 641 2102 785 2130; x_wconf 85' lang='lat' dir='ltr'><strong>verum</strong></span> <span class='ocrx_word' id='word_1_270' title='bbox 807 2088 921 2130; x_wconf 91' lang='lat' dir='ltr'><strong>haud</strong></span> <span class='ocrx_word' id='word_1_271' title='bbox 941 2089 1065 2131; x_wconf 89' lang='lat' dir='ltr'><strong>dubie</strong></span> <span class='ocrx_word' id='word_1_272' title='bbox 1085 2088 1281 2144; x_wconf 83' lang='lat' dir='ltr'><strong>repperit.</strong></span> <span class='ocrx_word' id='word_1_273' title='bbox 1303 2087 1421 2130; x_wconf 90' lang='lat' dir='ltr'><strong>Idem</strong></span> <span class='ocrx_word' id='word_1_274' title='bbox 1442 2100 1531 2130; x_wconf 88' lang='lat' dir='ltr'><strong>voc.</strong></span> <span class='ocrx_word' id='word_1_275' title='bbox 1567 2085 1829 2141; x_wconf 81' lang='grc' dir='ltr'>,,ὀξυόδους“</span> 
     </span>
     <span class='ocr_line' id='line_1_31' title="bbox 234 2153 1829 2210; baseline -0.002 -12"><span class='ocrx_word' id='word_1_276' title='bbox 234 2170 287 2198; x_wconf 83' lang='lat' dir='ltr'><strong>ex</strong></span> <span class='ocrx_word' id='word_1_277' title='bbox 330 2156 465 2199; x_wconf 86' lang='lat' dir='ltr'><strong>Noun.</strong></span> <span class='ocrx_word' id='word_1_278' title='bbox 509 2155 686 2210; x_wconf 82' lang='lat' dir='ltr'><strong>Dionys,</strong></span> <span class='ocrx_word' id='word_1_279' title='bbox 730 2156 797 2210; x_wconf 94' lang='lat'><strong>40,</strong></span> <span class='ocrx_word' id='word_1_280' title='bbox 841 2155 925 2197; x_wconf 84' lang='lat'><strong>484</strong></span> <span class='ocrx_word' id='word_1_281' title='bbox 968 2159 1009 2197; x_wconf 90' lang='lat' dir='ltr'><strong>et</strong></span> <span class='ocrx_word' id='word_1_282' title='bbox 1051 2168 1104 2197; x_wconf 81' lang='lat' dir='ltr'><strong>ex</strong></span> <span class='ocrx_word' id='word_1_283' title='bbox 1141 2154 1330 2197; x_wconf 87' lang='lat' dir='ltr'><strong>Bekkeri</strong></span> <span class='ocrx_word' id='word_1_284' title='bbox 1364 2154 1568 2196; x_wconf 89' lang='lat' dir='ltr'><strong>Anecdot.</strong></span> <span class='ocrx_word' id='word_1_285' title='bbox 1610 2154 1726 2210; x_wconf 87' lang='lat' dir='ltr'><strong>Pape</strong></span> <span class='ocrx_word' id='word_1_286' title='bbox 1768 2153 1829 2209; x_wconf 90' lang='lat' dir='ltr'><strong>(in</strong></span> 
     </span>
     <span class='ocr_line' id='line_1_32' title="bbox 236 2221 632 2274; baseline 0.003 -11"><span class='ocrx_word' id='word_1_287' title='bbox 236 2222 339 2265; x_wconf 82' lang='lat' dir='ltr'><strong>Lex.</strong></span> <span class='ocrx_word' id='word_1_288' title='bbox 371 2223 463 2274; x_wconf 88' lang='lat' dir='ltr'><strong>suo)</strong></span> <span class='ocrx_word' id='word_1_289' title='bbox 500 2221 632 2264; x_wconf 88' lang='lat' dir='ltr'><strong>affert.</strong></span> 
     </span>
    </p>
   </div>
   <div class='ocr_carea' id='block_1_7' title="bbox 235 2320 1831 2962">
    <p class='ocr_par' dir='ltr' id='par_1_7' title="bbox 235 2320 1831 2962">
     <span class='ocr_line' id='line_1_33' title="bbox 346 2320 1830 2378; baseline -0.001 -13"><span class='ocrx_word' id='word_1_290' title='bbox 346 2321 802 2378; x_wconf 77' lang='grc' dir='ltr'><em>συμμειρακιώδης</em></span> <span class='ocrx_word' id='word_1_291' title='bbox 844 2321 869 2364; x_wconf 89' lang='lat' dir='ltr'><strong>i.</strong></span> <span class='ocrx_word' id='word_1_292' title='bbox 916 2336 952 2364; x_wconf 86' lang='lat' dir='ltr'><strong>e.</strong></span> <span class='ocrx_word' id='word_1_293' title='bbox 995 2321 1168 2377; x_wconf 79' lang='lat' dir='ltr'><strong>puerilis</strong></span> <span class='ocrx_word' id='word_1_294' title='bbox 1202 2334 1236 2363; x_wconf 82' lang='lat' dir='ltr'><strong>s.</strong></span> <span class='ocrx_word' id='word_1_295' title='bbox 1281 2320 1460 2376; x_wconf 70' lang='lat' dir='ltr'><strong>ineptus,</strong></span> <span class='ocrx_word' id='word_1_296' title='bbox 1504 2320 1652 2364; x_wconf 82' lang='lat' dir='ltr'><strong>melius</strong></span> <span class='ocrx_word' id='word_1_297' title='bbox 1695 2321 1830 2376; x_wconf 77' lang='lat' dir='ltr'><strong>Pape:</strong></span> 
     </span>
     <span class='ocr_line' id='line_1_34' title="bbox 237 2386 1828 2446; baseline 0.001 -17"><span class='ocrx_word' id='word_1_298' title='bbox 237 2388 453 2443; x_wconf 87' lang='lat' dir='ltr'><strong>„zugleich</strong></span> <span class='ocrx_word' id='word_1_299' title='bbox 475 2387 576 2430; x_wconf 86' lang='lat' dir='ltr'><strong>odor</strong></span> <span class='ocrx_word' id='word_1_300' title='bbox 596 2401 704 2442; x_wconf 90' lang='lat' dir='ltr'><strong>ganz</strong></span> <span class='ocrx_word' id='word_1_301' title='bbox 724 2387 963 2443; x_wconf 81' lang='lat' dir='ltr'><strong>kindisch“,</strong></span> <span class='ocrx_word' id='word_1_302' title='bbox 984 2402 1023 2430; x_wconf 89' lang='lat' dir='ltr'><strong>v.</strong></span> <span class='ocrx_word' id='word_1_303' title='bbox 1047 2388 1126 2430; x_wconf 83' lang='lat'><strong>159</strong></span> <span class='ocrx_word' id='word_1_304' title='bbox 1146 2389 1202 2443; x_wconf 88' lang='lat'><strong>(5,</strong></span> <span class='ocrx_word' id='word_1_305' title='bbox 1227 2388 1317 2443; x_wconf 82' lang='lat'>14);</span> <span class='ocrx_word' id='word_1_306' title='bbox 1342 2387 1414 2430; x_wconf 85' lang='lat' dir='ltr'><strong>cfr.</strong></span> <span class='ocrx_word' id='word_1_307' title='bbox 1437 2387 1648 2446; x_wconf 80' lang='grc' dir='ltr'><em>ληρώδης.</em></span> <span class='ocrx_word' id='word_1_308' title='bbox 1697 2386 1828 2430; x_wconf 78' lang='lat' dir='ltr'><strong>Godd.</strong></span> 
     </span>
     <span class='ocr_line' id='line_1_35' title="bbox 239 2453 1829 2511; baseline -0.001 -15"><span class='ocrx_word' id='word_1_309' title='bbox 239 2454 362 2497; x_wconf 86' lang='lat' dir='ltr'><strong>Gellii</strong></span> <span class='ocrx_word' id='word_1_310' title='bbox 381 2454 552 2509; x_wconf 87' lang='lat' dir='ltr'>XV111.,</span> <span class='ocrx_word' id='word_1_311' title='bbox 574 2455 618 2495; x_wconf 81' lang='lat'><strong>8:</strong></span> <span class='ocrx_word' id='word_1_312' title='bbox 641 2455 1044 2510; x_wconf 87' lang='lat' dir='ltr'><strong>„symmiraciodes“</strong></span> <span class='ocrx_word' id='word_1_313' title='bbox 1065 2454 1134 2498; x_wconf 85' lang='lat' dir='ltr'><strong>vel</strong></span> <span class='ocrx_word' id='word_1_314' title='bbox 1153 2454 1543 2511; x_wconf 78' lang='lat' dir='ltr'><strong>„synmi1·aciodes“</strong></span> <span class='ocrx_word' id='word_1_315' title='bbox 1570 2453 1638 2497; x_wconf 86' lang='lat' dir='ltr'><strong>vel</strong></span> <span class='ocrx_word' id='word_1_316' title='bbox 1664 2453 1829 2496; x_wconf 87' lang='lat' dir='ltr'><strong>similia.</strong></span> 
     </span>
     <span class='ocr_line' id='line_1_36' title="bbox 239 2519 1830 2579; baseline 0 -16"><span class='ocrx_word' id='word_1_317' title='bbox 239 2521 364 2576; x_wconf 86' lang='lat' dir='ltr'><strong>Cujus</strong></span> <span class='ocrx_word' id='word_1_318' title='bbox 401 2520 591 2562; x_wconf 81' lang='lat' dir='ltr'><strong>vocabuli</strong></span> <span class='ocrx_word' id='word_1_319' title='bbox 626 2535 679 2563; x_wconf 83' lang='lat' dir='ltr'><strong>ex</strong></span> <span class='ocrx_word' id='word_1_320' title='bbox 714 2523 852 2575; x_wconf 81' lang='lat' dir='ltr'><em>„6vv“</em></span> <span class='ocrx_word' id='word_1_321' title='bbox 888 2525 929 2564; x_wconf 78' lang='lat' dir='ltr'><strong>et</strong></span> <span class='ocrx_word' id='word_1_322' title='bbox 965 2522 1303 2579; x_wconf 76' lang='grc' dir='ltr'><strong>,,μειρακιώδης“</strong></span> <span class='ocrx_word' id='word_1_323' title='bbox 1342 2521 1560 2577; x_wconf 76' lang='lat' dir='ltr'><strong>compositi</strong></span> <span class='ocrx_word' id='word_1_324' title='bbox 1592 2519 1830 2579; x_wconf 79' lang='lat' dir='ltr'><strong>[vehemen-</strong></span> 
     </span>
     <span class='ocr_line' id='line_1_37' title="bbox 235 2587 1829 2644; baseline 0.001 -16"><span class='ocrx_word' id='word_1_325' title='bbox 235 2587 395 2629; x_wconf 85' lang='lat' dir='ltr'><strong>tissime</strong></span> <span class='ocrx_word' id='word_1_326' title='bbox 432 2600 526 2628; x_wconf 90' lang='lat' dir='ltr'><strong>mea</strong></span> <span class='ocrx_word' id='word_1_327' title='bbox 561 2587 730 2642; x_wconf 88' lang='lat' dir='ltr'><strong>quidam</strong></span> <span class='ocrx_word' id='word_1_328' title='bbox 767 2588 974 2630; x_wconf 89' lang='lat' dir='ltr'><strong>sententia</strong></span> <span class='ocrx_word' id='word_1_329' title='bbox 1008 2589 1055 2632; x_wconf 81' lang='lat' dir='ltr'><strong>F.</strong></span> <span class='ocrx_word' id='word_1_330' title='bbox 1086 2603 1126 2644; x_wconf 91' lang='lat' dir='ltr'><strong>p.</strong></span> <span class='ocrx_word' id='word_1_331' title='bbox 1157 2589 1237 2631; x_wconf 79' lang='lat'><strong>257</strong></span> <span class='ocrx_word' id='word_1_332' title='bbox 1268 2588 1294 2630; x_wconf 95' lang='lat' dir='ltr'><strong>l.</strong></span> <span class='ocrx_word' id='word_1_333' title='bbox 1325 2588 1350 2632; x_wconf 92' lang='lat' dir='ltr'><strong>l.</strong></span> <span class='ocrx_word' id='word_1_334' title='bbox 1383 2591 1515 2642; x_wconf 87' lang='lat' dir='ltr'><strong>errat,</strong></span> <span class='ocrx_word' id='word_1_335' title='bbox 1554 2601 1648 2630; x_wconf 91' lang='lat' dir='ltr'><strong>cum</strong></span> <span class='ocrx_word' id='word_1_336' title='bbox 1682 2600 1829 2630; x_wconf 85' lang='lat' dir='ltr'><strong>vocem</strong></span> 
     </span>
     <span class='ocr_line' id='line_1_38' title="bbox 237 2652 1831 2712; baseline 0.001 -18"><span class='ocrx_word' id='word_1_337' title='bbox 237 2652 458 2709; x_wconf 90' lang='lat' dir='ltr'><strong>hybridam</strong></span> <span class='ocrx_word' id='word_1_338' title='bbox 495 2666 589 2694; x_wconf 87' lang='lat' dir='ltr'><strong>esse</strong></span> <span class='ocrx_word' id='word_1_339' title='bbox 629 2658 671 2695; x_wconf 90' lang='lat' dir='ltr'><strong>et</strong></span> <span class='ocrx_word' id='word_1_340' title='bbox 707 2655 979 2710; x_wconf 83' lang='lat' dir='ltr'><strong>compositam</strong></span> <span class='ocrx_word' id='word_1_341' title='bbox 1018 2669 1071 2698; x_wconf 82' lang='lat' dir='ltr'><strong>ex</strong></span> <span class='ocrx_word' id='word_1_342' title='bbox 1108 2656 1212 2710; x_wconf 86' lang='lat' dir='ltr'><strong>„sub</strong></span> <span class='ocrx_word' id='word_1_343' title='bbox 1248 2680 1304 2687; x_wconf 89' lang='lat'>—</span> <span class='ocrx_word' id='word_1_344' title='bbox 1339 2654 1624 2712; x_wconf 80' lang='grc' dir='ltr'><em>μειρακιώδης</em></span> <span class='ocrx_word' id='word_1_345' title='bbox 1655 2679 1711 2685; x_wconf 88' lang='grc'>-</span> <span class='ocrx_word' id='word_1_346' title='bbox 1739 2654 1831 2697; x_wconf 90' lang='lat' dir='ltr'><strong>sine</strong></span> 
     </span>
     <span class='ocr_line' id='line_1_39' title="bbox 238 2719 1828 2778; baseline 0.003 -17"><span class='ocrx_word' id='word_1_347' title='bbox 238 2719 324 2762; x_wconf 91' lang='lat' dir='ltr'><strong>ulla</strong></span> <span class='ocrx_word' id='word_1_348' title='bbox 366 2733 494 2761; x_wconf 86' lang='lat' dir='ltr'><strong>causa</strong></span> <span class='ocrx_word' id='word_1_349' title='bbox 537 2719 775 2778; x_wconf 86' lang='lat' dir='ltr'><strong>contendat]</strong></span> <span class='ocrx_word' id='word_1_350' title='bbox 821 2721 934 2777; x_wconf 88' lang='lat' dir='ltr'><strong>apud</strong></span> <span class='ocrx_word' id='word_1_351' title='bbox 979 2722 1166 2765; x_wconf 82' lang='lat' dir='ltr'><strong>Graecos</strong></span> <span class='ocrx_word' id='word_1_352' title='bbox 1212 2721 1407 2777; x_wconf 83' lang='lat' dir='ltr'><strong>exempla</strong></span> <span class='ocrx_word' id='word_1_353' title='bbox 1451 2722 1620 2764; x_wconf 91' lang='lat' dir='ltr'><strong>omnino</strong></span> <span class='ocrx_word' id='word_1_354' title='bbox 1663 2721 1828 2766; x_wconf 89' lang='lat' dir='ltr'><strong>desunt.</strong></span> 
     </span>
     <span class='ocr_line' id='line_1_40' title="bbox 240 2784 1828 2844; baseline 0.003 -18"><span class='ocrx_word' id='word_1_355' title='bbox 240 2784 426 2841; x_wconf 87' lang='lat' dir='ltr'><strong>Simplex</strong></span> <span class='ocrx_word' id='word_1_356' title='bbox 456 2797 494 2827; x_wconf 91' lang='lat' dir='ltr'><strong>v.</strong></span> <span class='ocrx_word' id='word_1_357' title='bbox 526 2786 861 2843; x_wconf 78' lang='grc' dir='ltr'><strong>,,μειρακιώδης“</strong></span> <span class='ocrx_word' id='word_1_358' title='bbox 883 2801 917 2830; x_wconf 91' lang='lat' dir='ltr'><strong>e.</strong></span> <span class='ocrx_word' id='word_1_359' title='bbox 939 2801 1000 2842; x_wconf 86' lang='lat' dir='ltr'><strong>gr.</strong></span> <span class='ocrx_word' id='word_1_360' title='bbox 1022 2802 1090 2843; x_wconf 87' lang='lat' dir='ltr'><strong>ap.</strong></span> <span class='ocrx_word' id='word_1_361' title='bbox 1111 2788 1216 2831; x_wconf 90' lang='lat' dir='ltr'><strong>Plat.</strong></span> <span class='ocrx_word' id='word_1_362' title='bbox 1240 2802 1326 2843; x_wconf 89' lang='lat' dir='ltr'><strong>rep.</strong></span> <span class='ocrx_word' id='word_1_363' title='bbox 1348 2789 1411 2842; x_wconf 92' lang='lat' dir='ltr'><strong>V.,</strong></span> <span class='ocrx_word' id='word_1_364' title='bbox 1431 2788 1539 2831; x_wconf 78' lang='lat'>46610</span> <span class='ocrx_word' id='word_1_365' title='bbox 1562 2789 1828 2844; x_wconf 88' lang='lat' dir='ltr'><strong>saepiusque,</strong></span> 
     </span>
     <span class='ocr_line' id='line_1_41' title="bbox 239 2850 1830 2912; baseline 0.004 -20"><span class='ocrx_word' id='word_1_366' title='bbox 239 2863 305 2906; x_wconf 88' lang='lat' dir='ltr'><strong>ap.</strong></span> <span class='ocrx_word' id='word_1_367' title='bbox 343 2851 470 2893; x_wconf 80' lang='lat' dir='ltr'><strong>Arist.</strong></span> <span class='ocrx_word' id='word_1_368' title='bbox 515 2850 616 2894; x_wconf 88' lang='lat' dir='ltr'><strong>rhet.</strong></span> <span class='ocrx_word' id='word_1_369' title='bbox 661 2853 700 2906; x_wconf 84' lang='lat'><strong>3,</strong></span> <span class='ocrx_word' id='word_1_370' title='bbox 747 2854 815 2908; x_wconf 80' lang='lat'><strong>113</strong></span> <span class='ocrx_word' id='word_1_371' title='bbox 851 2867 918 2909; x_wconf 91' lang='lat' dir='ltr'><strong>ap.</strong></span> <span class='ocrx_word' id='word_1_372' title='bbox 955 2855 1102 2910; x_wconf 94' lang='lat' dir='ltr'><strong>Polyb.</strong></span> <span class='ocrx_word' id='word_1_373' title='bbox 1145 2855 1210 2909; x_wconf 87' lang='lat'><strong>10,</strong></span> <span class='ocrx_word' id='word_1_374' title='bbox 1247 2855 1314 2909; x_wconf 83' lang='lat'><strong>33,</strong></span> <span class='ocrx_word' id='word_1_375' title='bbox 1351 2855 1389 2909; x_wconf 88' lang='lat'><strong>6,</strong></span> <span class='ocrx_word' id='word_1_376' title='bbox 1430 2854 1680 2910; x_wconf 85' lang='lat' dir='ltr'><strong>saepissime</strong></span> <span class='ocrx_word' id='word_1_377' title='bbox 1715 2855 1830 2912; x_wconf 87' lang='lat' dir='ltr'><strong>apud</strong></span> 
     </span>
     <span class='ocr_line' id='line_1_42' title="bbox 240 2916 714 2962; baseline 0.004 -3"><span class='ocrx_word' id='word_1_378' title='bbox 240 2917 467 2960; x_wconf 89' lang='lat' dir='ltr'><strong>Lucianum</strong></span> <span class='ocrx_word' id='word_1_379' title='bbox 496 2916 714 2962; x_wconf 87' lang='lat' dir='ltr'><strong>invenitur.</strong></span> 
     </span>
    </p>
   </div>
  </div>
 </body>
</html>
