1780 3022
7 296 37 330 ..ἓ
62 294 154 327 ¹⁵¹2:
214 287 460 345 „depilare“
509 287 689 330 litteram
740 286 809 340 „i“
856 285 1089 342 producere
1135 297 1221 327 non
1270 283 1487 326 dubitavit.
1565 283 1651 326 Cfr.

0 339 202 410 Pnomm.
244 369 287 411 p.
329 354 424 398 250.
468 378 524 384 —
564 352 671 396 Vide
707 352 817 395 infra
851 365 941 395 voc.
980 351 1228 407 „depilare“
1263 349 1308 406 (a
1345 350 1474 392 subst.
1509 349 1650 404 pilus).

30 411 251 465 Ceterum
279 421 332 464 G.
359 433 401 462 v.
430 420 498 473 26,
527 420 553 462 8
582 422 624 461 61
651 419 706 460 K.
736 433 775 474 p.
813 418 862 472 1.,
899 418 981 460 512
1018 431 1141 473 pro,
1145 415 1485 471 ,depoclassere“
1522 415 1651 457 etiam

51 487 231 531 formam
259 486 375 530 illam
398 485 490 542 jam
520 498 647 540 supra
665 490 959 527 memoratam:
990 482 1372 539 „depeculassere“
1393 481 1532 525 conati
1555 484 1652 523 sunt

53 551 362 596 commendare.

162 618 487 663 imbubinare
529 618 555 661 i.
599 631 635 661 e.
679 620 894 659 menstruo
937 615 1155 657 mulierum
1199 614 1403 669 sanguine
1432 613 1652 668 inquinare

54 683 136 739 (sic
161 684 282 727 Paul.
325 684 432 728 diac.
475 685 563 738 32),
608 697 647 727 v.
680 684 787 726 1119
816 683 912 738 (inc.
949 683 1042 736 54);
1083 681 1214 737 „haec
1248 686 1292 722 te
1327 680 1570 734 imbubinat,
1606 684 1652 722 at

53 754 203 793 eontra
243 754 286 793 te
327 749 560 794 imbulbitat
602 749 714 791 ille“.
773 748 850 791 Cui
892 748 1020 791 verbo
1062 749 1206 790 subest
1248 747 1376 790 subst.
1418 746 1575 799 „bubo“
1616 761 1651 788 3.

51 815 227 873 βουβών
266 816 295 858 i.
337 829 374 860 e.
409 817 564 871 inguen
605 831 637 859 3.
673 815 858 869 inguina.
893 839 950 845 —
986 813 1069 858 Cfr.
1110 813 1237 866 Festi,
1275 812 1451 867 Placidi,
1497 811 1652 854 Isidori

52 881 315 938 aliorumque
350 882 518 937 glossas
554 881 634 924 huc
667 881 924 937 pertinentes
953 894 1022 936 ap.
1059 881 1199 934 Lowe,
1237 894 1279 935 p.
1323 880 1419 921 313.
1455 903 1510 909 —-
1544 878 1652 922 Vide

51 947 110 991 Μ.
138 960 287 995 00111111.
317 961 360 1003 p.
389 948 483 991 276.

162 1023 491 1068 imbulbitare
534 1025 561 1066 i.
606 1038 642 1067 e.
686 1023 835 1080 puerili
879 1027 1062 1067 stercore
1104 1024 1326 1079 inquinare
1359 1024 1491 1079 (Fest.
1533 1022 1651 1065 Paul.

0 1113 30 1146 1:
51 1091 122 1147 32,
159 1090 215 1147 1),
253 1089 403 1134 eodem
438 1104 566 1133 versu
604 1091 712 1132 1119
746 1091 843 1145 (inc.
872 1091 943 1141 54)
975 1091 1142 1144 dictum,
1179 1094 1226 1133 ut
1259 1089 1378 1132 addit
1404 1089 1524 1132 Paul.
1553 1089 1579 1133 L
1609 1088 1651 1143 l.,

0 1161 7 1190 ἱ
51 1170 109 1200 ex
136 1157 249 1212 fimo,
277 1155 388 1211 quod
405 1157 559 1200 Graeci
577 1156 794 1212 appellant
814 1157 1083 1212 ηβόλβιτον“,
1107 1170 1190 1212 quo
1219 1169 1310 1200 voc.
1333 1155 1447 1198 solus
1466 1155 1649 1198 interlat.

2 1244 8 1251 ·
54 1223 196 1280 script.
210 1223 320 1266 Plin.
334 1223 400 1276 28,
419 1223 485 1277 17,
500 1223 568 1277 68,
583 1223 666 1265 232
682 1236 783 1265 usus
801 1227 884 1278 est;
905 1237 973 1279 ap.
991 1223 1176 1266 Graecos
1197 1222 1452 1279 ηβόλβιτσν“
1475 1222 1651 1265 formam

51 1293 193 1333 aetate
207 1289 394 1332 infimam
408 1303 485 1345 pro
500 1289 615 1344 prius
632 1289 787 1331 usitata
805 1289 1036 1345 „sso'knogffl
1055 1303 1179 1344 quam
1197 1303 1232 1331 6.
1248 1302 1310 1343 gr.
1332 1303 1401 1344 ap.
1426 1288 1557 1332 schol.
1579 1290 1651 1330 Ar.

53 1356 161 1399 Rau.
180 1356 282 1411 2953
303 1356 408 1398 Ach.
435 1356 535 1410 9903
556 1356 660 1410 Equ.
682 1356 763 1398 656
791 1355 1039 1410 invenimus,
1060 1356 1192 1398 fuisse
1211 1355 1292 1398 huc
1311 1355 1553 1398 addendum
1573 1358 1651 1410 est,

252 1443 426 1489 Ruunt:
470 1444 519 1487 V.
550 1444 632 1486 983
670 1444 754 1498 (30,
802 1444 917 1497 131):
959 1445 1077 1498 „quis
1106 1447 1238 1486 totum
1268 1444 1354 1486 scis
1385 1457 1536 1500 corpus
1560 1443 1651 1500 jam

165 1509 385 1566 perolesse
421 1509 619 1552 bisulcis“
655 1510 737 1552 hoc
773 1510 1042 1565 „perolesse“
1079 1510 1281 1565 nonnulli,
1316 1509 1431 1552 velut
1461 1511 1652 1565 Georges

163 1575 226 1631 (in
254 1575 412 1618 Lexico
451 1589 540 1629 suo,
578 1575 679 1618 edit.
708 1575 798 1629 VI.)
837 1580 878 1618 et
904 1576 958 1619 K.
995 1575 1026 1619 I.
1062 1590 1102 1631 p.
1132 1576 1228 1631 570,
1265 1576 1513 1619 infinitivum
1544 1576 1651 1631 perf.

167 1641 284 1684 verbi
297 1640 405 1684 alias
421 1655 628 1696 nusquam
642 1641 785 1684 traditi
802 1642 1118 1697 „perolescere“
1140 1642 1289 1698 [comp.
1308 1656 1361 1685 ex
1376 1656 1415 1685 v.
1439 1641 1652 1698 „alescere

163 1709 235 1763 (ab
282 1707 479 1766 „alere“)]
526 1722 622 1752 esse
673 1713 863 1763 censent,
915 1722 1008 1751 cum
1057 1710 1276 1764 ambiguus
1325 1710 1452 1752 totius
1502 1721 1652 1751 versus

165 1787 316 1818 sensns
359 1774 475 1818 illum
517 1775 764 1818 infinitivum
808 1775 957 1818 eodem
999 1775 1069 1818 vel
1111 1776 1272 1832 majore
1309 1776 1405 1832 jure
1446 1775 1503 1818 ad
1536 1775 1652 1818 verb.

167 1841 424 1898 „perolere“,
454 1855 536 1897 quo
565 1841 686 1886 Lucr.
724 1843 762 1895 6,
796 1842 902 1884 1153
936 1842 1081 1899 (1155)
1110 1855 1211 1885 113113
1242 1845 1319 1897 631,
1348 1842 1496 1885 referri
1524 1855 1652 1898 posse

163 1907 287 1963 sinat,
317 1907 390 1962 ita,
419 1912 464 1950 ut
483 1908 686 1951 Lucilium
715 1921 791 1964 pro
812 1908 964 1950 usitato
985 1909 1064 1964 prs.
1094 1908 1306 1964 „perolui“
1331 1908 1507 1951 finxisse
1535 1911 1651 1964 pute-

162 1987 256 2017 mus
280 1974 536 2030 „perolevi“.
556 2000 612 2005 -
633 1975 827 2018 Ceterum
849 1976 899 2018 N.
920 1974 977 2017 H.
996 1975 1080 2017 519
1099 1978 1189 2017 tota
1207 1988 1254 2016 re
1274 1975 1318 2016 in
1338 1974 1477 2017 medio
1507 1974 1653 2017 relicta

162 2040 369 2084 Lucilium
396 2054 489 2084 voc.
519 2040 769 2084 defectivum
805 2041 1073 2098 „perolesse“
1105 2040 1280 2084 adnotat
1306 2054 1548 2097 usurpasse.

214 2130 258 2182 ὃ)
289 2127 448 2180 Quibus
491 2130 679 2172 tractatis
713 2129 817 2172 nihil
859 2130 1008 2183 obstat,
1054 2129 1275 2184 quominus
1318 2129 1375 2171 ad
1418 2143 1471 2172 ea
1512 2134 1651 2172 trans—

53 2207 199 2243 eamus
227 2195 359 2242 verba
386 2195 615 2250 Luciliana,
645 2209 754 2250 quae
781 2210 850 2251 ap.
880 2195 1083 2238 Lucilium
1114 2194 1247 2237 solum
1282 2195 1421 2238 activa
1452 2199 1549 2238 sunt
1575 2209 1652 2251 pro

54 2260 360 2318 deponentibus
394 2266 469 2305 ant
503 2262 758 2318 deponentia
792 2276 869 2318 pro
905 2262 1068 2305 activis.
1142 2261 1225 2305 Gfr.
1263 2262 1379 2316 Brix,
1415 2261 1499 2305 mil.
1544 2261 1650 2317 glor.

52 2326 190 2373 Plaut.
221 2341 262 2375 v.
296 2329 387 2372 172.
447 2327 572 2372 Sunt:

163 2405 577 2449 commanducati
619 2419 697 2461 pro
739 2405 1102 2460 commanducare,
1144 2418 1184 2448 v.
1224 2404 1305 2446 125
1340 2405 1396 2460 (4,
1430 2405 1522 2459 42);
1570 2404 1651 2460 „ad

55 2471 242 2527 sequitur
281 2485 421 2527 neque
461 2473 769 2529 inopinantem,
811 2473 856 2514 in
899 2476 1024 2528 eaput
1065 2471 1215 2525 insilit,
1258 2472 1397 2527 ipsum
1440 2484 1650 2514 comman-

54 2535 228 2587 ducatur
261 2552 298 2582 e.
328 2554 369 2595 q.
399 2541 458 2582 s.“
518 2539 587 2582 Ad
621 2539 872 2582 sententiam
900 2539 974 2582 cfr.
1003 2538 1059 2580 Μ.
1091 2551 1238 2581 00111111.
1268 2552 1309 2594 p.
1340 2538 1425 2580 210
1453 2541 1495 2581 et
1522 2537 1578 2581 de
1605 2551 1652 2580 re

29 2607 171 2648 ‘mett
200 2619 243 2661 p.
270 2605 339 2648 37.
368 2631 424 2636 —
452 2610 494 2648 et
522 2619 561 2649 v.
590 2605 673 2647 419
704 2606 786 2658 (15,
817 2606 908 2658 20):
942 2603 1144 2659 „Vilicum
1171 2604 1488 2658 Aristocratem,
1519 2603 1648 2647 medi-

53 2671 258 2719 astrinum
311 2677 439 2727 atque
486 2671 706 2715 bubulcum
755 2670 1124 2714 commanducatus
1173 2671 1370 2726 corrupit,
1417 2670 1475 2715 ad
1522 2670 1651 2713 incita

53 2736 237 2794 adegit&
294 2738 378 2783 cfr.
413 2739 470 2781 Μ.
507 2752 654 2782 00111111.
691 2753 731 2794 p.
769 2739 863 2781 238.
901 2763 957 2768 -
990 2738 1206 2781 Invenitur
1243 2737 1379 2782 forma
1415 2738 1553 2780 activa
1581 2751 1649 2793 ap.

54 2802 147 2851 val.
180 2804 295 2851 MaX.
330 2806 372 2860 3,
406 2806 446 2859 3,
482 2806 530 2860 43
573 2805 681 2848 Plin.
718 2806 786 2861 22,
825 2806 894 2859 113
940 2805 1072 2847 Scrib.
1109 2805 1136 2846 9
1173 2807 1215 2847 61
1250 2805 1348 2859 165;
1378 2804 1500 2859 Vulg.
1530 2817 1650 2860 apoc.

55 2869 123 2924 16,
159 2871 214 2914 10
248 2872 512 2927 saepiusque.
572 2871 655 2915 Cir.
686 2872 734 2916 R.
772 2887 812 2928 p.
854 2872 934 2914 183
970 2876 1012 2914 61
1038 2871 1133 2914 303.
1167 2896 1217 2901 —
1248 2870 1440 2914 Ceterum
1470 2870 1569 2914 vide
1597 2871 1649 2915 N.

53 2933 126 2991 IL,
153 2936 236 2979 296
264 2941 307 2981 et
333 2938 388 2980 K.
417 2938 451 2982 I.
482 2953 523 2994 p.
552 2939 648 2982 605.
675 2963 733 2970 --
760 2938 826 2981 Ita
854 2938 963 2980 infra
992 2951 1082 2980 voc.
1115 2937 1426 2992 „manducari“.
