1910 3034
995 41 1051 84 24

229 190 267 231 p.
306 175 376 228 88)
414 174 724 218 accuratissime
761 174 900 218 taliter
938 174 1025 218 fere
1067 175 1370 219 disseruerunt:
1416 175 1622 226 Quattuor
1662 188 1820 229 earum,

228 257 336 298 quae
365 246 533 299 praeter
559 243 673 286 Festi
694 247 850 299 extant,
873 243 1108 298 glossarum
1137 242 1217 286 hae
1245 247 1351 285 tres:
1381 241 1618 296 Philoxeni,
1647 242 1715 296 34,
1743 243 1818 286 50:

230 310 434 365 „carissaz
470 310 718 366 μαυλιστής,
757 310 1092 367 πορνοβοσκόςιις
1130 310 1281 352 Isidori
1317 324 1356 365 p.
1387 310 1482 363 675,
1511 309 1585 352 54:
1624 310 1819 366 „carisia:

229 378 325 421 lena
354 381 472 420 vetus
504 381 544 420 et
564 378 767 431 litigiosa:
799 378 951 421 ancilla
972 377 1132 426 dolosa,
1163 376 1343 431 fallax“;
1375 376 1466 419 eod.
1491 376 1684 420 Vaticani
1711 377 1819 420 3321

230 444 256 487 f.
282 446 379 487 len:
410 445 574 498 „carisa
594 444 691 487 lena
712 450 777 487 est
797 444 927 500 dupla
948 444 1294 496 (Hildebrandusz
1318 443 1492 499 „dolosa
1513 459 1544 488 s.
1562 443 1746 498 vetula“)
1768 469 1822 475 —

229 512 283 554 ad
305 526 430 554 unam
451 511 578 565 illam,
601 526 723 566 quam
745 512 798 556 M.
834 513 878 555 in
900 513 995 556 edit.
1018 512 1165 555 Lucilii
1199 527 1240 568 p.
1277 512 1358 554 144
1394 524 1627 554 memorare
1660 511 1822 566 omittit,

229 579 390 622 Placidi
426 579 492 632 27,
533 580 604 621 17:
644 579 825 634 „carisaz
864 583 983 622 vetus
1014 580 1110 622 lena
1139 579 1381 635 percallida,
1415 578 1526 621 unde
1557 581 1600 622 et
1626 578 1669 621 in
1697 579 1822 621 mimo

233 646 344 693 (vide
365 645 411 689 Ο.
433 646 650 701 Ribbeck.⁷
672 647 813 690 eomic.
846 647 917 690 lat.
949 647 1053 701 frag.
1085 662 1126 703 p.
1154 646 1253 700 400)
1273 646 1447 688 fallaces
1477 645 1655 689 ancillae
1676 649 1825 701 „„cata

230 713 443 755 carisia““
483 715 647 767 („catae
685 714 888 767 carisae“‚
931 714 1138 769 Hildebr.3
1185 717 1310 768 „cata
1353 713 1573 768 carisula“,
1605 712 1654 756 O.
1683 713 1821 767 Ribb.)

229 780 524 836 appellantur“
553 781 612 823 ita
642 781 888 824 referendae
918 785 1023 833 sunt,
1055 785 1099 824 ut
1141 780 1422 824 Philoxenum
1456 780 1498 823 in
1528 780 1821 824 transferendo

231 848 598 903 interpretamento
636 862 860 904 perperam
897 863 972 904 pro
1010 848 1162 903 ,‚lena“
1193 847 1345 902 „leno“
1374 847 1531 903 legisse
1559 847 1823 901 arbitremur3

232 915 340 970 „nisi
374 915 480 957 forte
514 916 809 971 praestiterit“‚
845 922 890 958 ut
928 916 1059 958 Lowii
1097 916 1238 958 verbis
1269 919 1374 969 utar,
1413 915 1498 969 „ita
1533 928 1620 958 rem
1658 915 1736 958 sibi
1765 915 1824 957 in-

230 983 424 1036 formare,
462 985 506 1024 ut
537 982 625 1037 jam
663 983 888 1037 antiquitus
925 983 980 1026 de
1007 983 1199 1026 vocabuli
1227 983 1338 1025 illius
1368 997 1435 1038 ap.
1467 981 1669 1025 Lucilium
1699 981 1825 1036 signi-

232 1049 425 1092 ficatione
455 1049 559 1092 duas
591 1050 809 1105 opiniones
831 1051 1045 1093 exstitisse
1067 1050 1257 1094 diversas
1278 1054 1484 1106 putemus,
1505 1048 1639 1104 qualis
1660 1048 1828 1103 quidem
1885 1101 1889 1108 ι

232 1116 338 1159 ratio
368 1117 535 1159 minime
566 1120 680 1159 esset
709 1117 973 1172 singularis“.
1004 1143 1059 1148 —-
1087 1118 1153 1160 De
1183 1121 1324 1173 etymo
1354 1117 1485 1172 ipsius
1515 1115 1707 1159 vocabuli
1736 1129 1828 1158 cum

233 1197 329 1225 mea
359 1183 524 1237 quidem
557 1184 765 1226 sententia
794 1198 847 1227 ne
869 1184 1073 1240 suspicari
1094 1184 1262 1238 quidem
1282 1184 1401 1227 nobis
1422 1183 1559 1237 liceat,
1595 1182 1828 1226 Corssenus

234 1250 348 1303 (krit.
377 1250 504 1292 Beitr.
535 1266 574 1306 p.
605 1252 688 1293 484
718 1265 779 1305 sq.
810 1255 851 1294 et
872 1251 1060 1307 Spraehe
1094 1251 1169 1294 der
1188 1251 1393 1294 Etrusker
1412 1251 1460 1302 1.,
1481 1251 1581 1305 2043
1618 1250 1673 1292 II.
1697 1250 1823 1303 138)“

233 1317 374 1370 utique
410 1318 574 1360 Tuscae
611 1318 784 1374 originis
821 1332 966 1361 vocem
1014 1332 1110 1361 esse
1154 1322 1327 1361 conatur
1370 1318 1672 1371 demonstrare,
1716 1315 1831 1359 velut

233 1383 478 1427 feminarum
516 1386 686 1428 nomina
721 1386 763 1428 in
801 1411 856 1416 ——
890 1386 956 1428 isa
993 1385 1061 1428 vel
1097 1411 1152 1416 -—
1186 1386 1275 1428 issa
1310 1385 1546 1428 desinentia
1582 1385 1671 1437 (cfr.
1716 1397 1751 1428 e.
1788 1398 1828 1439 g.

235 1452 489 1506 ‚‚patrissa“)
522 1455 562 1495 et
590 1456 635 1495 ut
662 1466 812 1495 vocem
841 1452 956 1494 illam
986 1451 1098 1495 haud
1129 1452 1253 1495 dubie
1273 1465 1387 1494 mere
1407 1451 1580 1494 latinam
1600 1450 1830 1506 ‚,favissa“,

236 1532 317 1572 qua
354 1518 512 1561 Gellius
549 1519 677 1561 utitur
712 1519 755 1561 in
792 1519 912 1562 Noct.
948 1519 1033 1562 Att.
1070 1520 1108 1571 2,
1154 1519 1218 1573 10,
1264 1519 1292 1567 ,1
1340 1532 1421 1572 sq.:
1467 1517 1680 1572 „favissae
1724 1518 1828 1574 plur.

236 1586 438 1630 tantum“.
468 1610 523 1616 -—
554 1585 710 1628 Contra
725 1586 982 1642 probabilius
998 1586 1224 1640 Jordanus,
1246 1585 1357 1640 quod
1381 1585 1472 1641 jam
1494 1584 1544 1628 G.
1566 1589 1832 1640 exposuerat,

235 1653 386 1708 repetit
422 1666 617 1707 graecum
654 1666 749 1696 esse
784 1653 1029 1696 vocabulum
1067 1653 1187 1696 nobis
1224 1666 1309 1696 non
1343 1652 1541 1695 traditum
1579 1652 1832 1711 ,,Κοίρισσα“

238 1733 313 1774 pro
351 1719 544 1776 „Koffapoc
581 1719 667 1773 (vel
704 1721 921 1778 Καρίνη)“
951 1720 992 1762 11.
1024 1734 1059 1764 e.
1095 1720 1243 1763 mulier
1273 1719 1423 1763 Carica
1451 1735 1484 1761 S.
1513 1719 1716 1776 Phrygia,
1745 1718 1830 1762 die-

237 1790 323 1828 tum
358 1801 432 1842 per
468 1787 767 1844 metonymiam
802 1787 857 1830 ad
894 1787 1213 1843 significandam
1258 1800 1424 1830 servam
1467 1786 1621 1841 insigni
1663 1785 1832 1842 pigritia

239 1853 447 1908 stultaque
484 1853 711 1897 calliditate
749 1855 1023 1910 praeditam“,
1062 1855 1208 1909 quibus
1245 1854 1356 1896 vitiis
1394 1853 1523 1897 Cares
1561 1858 1602 1896 et
1636 1854 1831 1910 Phryges

239 1920 431 1963 floruisse
467 1935 534 1976 ap.
570 1921 683 1964 Gerl.
721 1922 999 1977 compluribus
1034 1922 1266 1977 proverbiis
1312 1926 1351 1964 et
1395 1920 1559 1975 graecis
1605 1923 1648 1963 et
1689 1919 1831 1962 latinis

236 1987 426 2042 reperias
457 1988 785 2043 comprobatum3
818 1988 882 2030 eui
912 1988 1005 2031 voei
1034 1987 1244 2042 analogon
1267 1986 1433 2041 quidem
1456 1986 1627 2029 verbum
1651 1985 1832 2029 Cornelii

238 2054 414 2109 Nepotis
444 2054 485 2096 in
517 2055 684 2096 Datam.
718 2056 755 2108 1,
789 2056 830 2097 1:
863 2054 1141 2110 „Scythissa“
1170 2053 1311 2096 afferri
1341 2056 1492 2108 potest.

349 2144 388 2184 2.
418 2142 496 2184 hir
526 2143 550 2186 i.
584 2157 619 2186 e.
652 2143 749 2186 vola
780 2159 811 2187 S.
844 2157 1029 2186 concava
1060 2157 1158 2198 pars
1188 2155 1349 2194 manus,
1381 2156 1418 2185 v.
1450 2142 1532 2184 998
1563 2141 1645 2195 (22,
1675 2140 1737 2194 3):

357 2232 572 2278 ..defusum
603 2247 626 2275 e
656 2233 780 2288 pleno
812 2233 892 2275 siet
920 2233 986 2274 hir
1007 2232 1253 2288 siphoneve,
1284 2231 1349 2274 eui
1378 2231 1437 2273 nil

351 2297 496 2351 durist‚
527 2313 618 2341 eum
648 2300 720 2342 nix
750 2303 792 2341 et
821 2299 1009 2342 sacculus
1039 2298 1293 2342 abstulerit.“
1355 2297 1402 2342 L.
1432 2297 1487 2338 M.

242 2387 406 2429 Laudat
436 2387 581 2429 Lucilii
618 2388 744 2430 verba
783 2388 927 2430 solutis
958 2387 1125 2441 quidem
1159 2413 1215 2418 -—
1251 2386 1362 2441 quod
1395 2386 1578 2428 maxime
1607 2382 1832 2426 dolendum

244 2456 309 2495 est
347 2478 398 2482 —
437 2453 525 2509 ejus
558 2454 746 2496 versibus
781 2454 863 2498 Cic.
902 2455 955 2496 de
986 2454 1055 2496 fin.
1086 2455 1181 2498 bon.
1213 2457 1253 2496 et
1281 2453 1377 2495 mal.
1409 2452 1478 2506 II.‚
1508 2453 1548 2506 8,
1577 2451 1650 2494 23:
1683 2463 1832 2506 „nemo

243 2524 429 2561 nostrum
460 2520 577 2561 istius
608 2521 774 2573 generis
805 2524 948 2564 asotos
973 2521 1158 2576 jucunde
1187 2523 1306 2576 putat
1334 2520 1499 2569 vivere;
1530 2517 1720 2572 mundos,
1750 2517 1831 2560 ele·

245 2588 405 2638 ganum,
437 2586 601 2639 optimis
632 2587 742 2628 eocis
780 2623 787 2630 .
812 2620 820 2628 .
844 2622 851 2630 .
876 2623 883 2630 .
922 2587 1152 2641 exquisitis
1183 2587 1364 2629 vitantes
1395 2584 1654 2638 cruditatem,
1685 2583 1833 2638 quibus

247 2651 411 2704 „vinum
443 2651 481 2693 d.
514 2664 548 2692 e.
580 2653 635 2706 pl.
668 2653 721 2693 sit
749 2652 933 2694 hirsizon
962 2656 1001 2706 †,
1032 2656 1075 2694 ut
1103 2654 1162 2695 ait
1191 2652 1386 2703 Lucilius,
1422 2651 1486 2694 cui
1515 2650 1617 2692 nihil
1646 2649 1743 2692 dum
1781 2649 1835 2692 sit

246 2718 310 2758 vis
342 2723 382 2759 et
413 2718 600 2759 saeculus
622 2719 849 2771 abstulerit,
881 2719 1128 2762 adhibentes
1160 2719 1281 2761 ludos
1312 2733 1348 2761 e.
1379 2733 1417 2772 q.
1449 2719 1507 2760 S.“
1570 2716 1705 2767 Quam
1727 2715 1834 2758 inter

246 2782 496 2836 farraginem
535 2784 772 2827 discernere
812 2785 1087 2828 Ciceroniana
1125 2790 1164 2828 et
1201 2799 1299 2828 vere
1329 2783 1561 2838 Luciliana,
1599 2781 1704 2825 haee
1738 2781 1833 2837 ipsa

247 2854 376 2890 metro
400 2847 520 2890 alieni
553 2864 585 2890 s.
602 2849 784 2903 jambico
817 2865 849 2891 S.
872 2850 1080 2906 dactylico
1102 2867 1134 2892 s.
1164 2850 1350 2905 elegiaco
1385 2850 1529 2893 indere
1557 2855 1598 2892 et
1631 2849 1832 2902 inserere,
