1910 3034
1014 91 1069 135 38

246 226 323 268 hoc
361 228 593 268 monstrum
631 224 837 267 animalis.
910 226 966 268 At
1001 224 1101 281 quid
1135 226 1179 268 ni
1221 226 1395 281 cogitari
1440 229 1597 282 potest,
1634 226 1839 271 Lucilium
1908 268 1910 285 ,

246 293 500 335 Graecorum
538 292 743 335 vocabula
782 292 894 335 velut
929 293 1319 348 ,,ἱππαλεκτρυω’ν“
1362 293 1566 336 imitatum
1610 293 1841 350 prodigiosi
1902 294 1910 314 *¹

242 358 462 414 cujusdam
505 359 681 401 monstri
724 373 878 401 nomen
922 359 1114 411 finxisse,
1157 359 1281 414 quale
1325 374 1372 402 se
1415 358 1574 402 vidisse
1610 359 1840 416 jactantem

241 425 424 481 aliquem
447 429 572 481 poeta
596 426 745 481 jocose
766 426 965 469 fecerit?“
1025 426 1217 469 Ceterum
1238 425 1551 482 compositionis
1578 426 1714 483 prima
1741 440 1840 483 pars

243 493 369 535 Festo
399 492 517 534 Pauli
554 507 592 548 p.
631 492 699 546 44,
740 493 760 533 1
792 495 900 535 teste
926 506 1011 535 vox
1042 496 1246 548 „ca111pa“
1275 492 1300 536 i.
1334 506 1369 535 e.
1400 491 1564 550 κάμπη,
1595 506 1726 548 equus
1754 507 1840 536 ma-

243 559 358 602 rinus
397 564 473 614 est,
511 573 594 613 qua
628 559 753 601 utitur
790 573 826 604 e.
865 573 925 614 gr.
962 559 1094 602 Plaut.
1133 564 1233 603 truc.
1271 561 1310 614 5,
1347 560 1402 601 5Ο
1431 555 1571 614 ’(909).
1644 558 1842 603 Similiter

242 626 422 681 quodam
446 625 569 669 modo
599 626 758 668 Auson.
790 640 855 682 cp.
887 626 940 668 70
969 625 1072 681 (69),
1103 627 1130 668 9
1164 625 1538 683 „hippocamelus“
1568 628 1610 668 et
1636 625 1744 669 Plin.
1773 626 1842 681 32,

244 694 270 735 9
302 693 402 747 (30),
433 693 487 735 93
516 692 877 749 „hippocampus“
907 693 1114 736 dixerunt.

353 770 821 813 moechocinaedus
860 771 885 813 i.
924 785 959 814 e.
1000 771 1069 825 qui
1098 770 1263 814 adulter
1293 770 1416 813 simul
1446 773 1488 813 ct
1515 773 1698 814 scortum
1727 785 1838 814 mas-

241 837 378 880 culum
400 841 477 891 est,
500 852 538 881 v.
561 838 641 880 977
665 838 748 890 (30,
771 838 794 878 7
799 838 860 889 7):
896 836 1099 891 „imberbi
1135 837 1386 893 androgyni,
1427 837 1589 880 barbati
1609 837 1839 881 moechoci-

241 904 407 947 naedi“.
468 904 595 960 Cujus
626 903 884 959 compositae
912 903 1028 945 vocis
1059 909 1202 959 partes
1232 903 1376 946 itidem
1411 903 1482 947 diu
1511 908 1609 947 ante
1638 904 1843 948 Lucilium

241 971 284 1014 in
304 972 586 1014 Romanorum
607 971 747 1013 oribus
769 975 895 1025 atque
916 970 1176 1012 sermonibus
1197 971 1484 1014 versabantur.
1537 970 1621 1014 cfr.
1643 971 1802 1026 Gorke,
1815 971 1842 1025 ¹)

242 1038 312 1094 qui
354 1038 398 1080 in
446 1051 535 1094 cap.
585 1038 618 1080 I.
662 1051 752 1081 voc.
798 1036 1054 1092 „moechus“
1098 1037 1278 1094 (μοιχός)
1324 1037 1452 1080 octies
1498 1042 1539 1080 ct
1587 1037 1843 1092 „cinaedus“

243 1107 467 1159 (κίναιδος)
499 1106 655 1160 septies
686 1118 754 1160 ap.
780 1103 970 1146 Plautum
990 1103 1168 1146 inveniri
1199 1103 1412 1160 explanat.
1471 1104 1555 1147 Alii
1574 1117 1642 1160 ap.
1664 1105 1842 1147 eroticos
1889 1154 1893 1161 .

243 1176 284 1216 et
320 1172 511 1215 satiricos
547 1175 695 1227 poetas
733 1171 825 1225 loci,
864 1170 931 1213 ubi
968 1184 1095 1213 voces
1132 1170 1231 1214 illae
1267 1174 1446 1229 exstant,
1479 1170 1665 1214 indicant
1692 1172 1743 1215 N.
1773 1171 1843 1225 IL,

245 1239 343 1294 1293
375 1237 576 1292 Saalfeld,
613 1238 740 1280 index
773 1242 867 1293 etc.3
906 1237 1044 1280 lexica
1072 1237 1325 1292 Forcellinii,
1357 1228 1577 1295 Stephani,
1609 1238 1842 1294 Georgesii.

242 1306 341 1361 Ipse
370 1305 553 1347 Lucilius
585 1304 805 1360 sejunctim
835 1317 925 1348 voc.
958 1303 1213 1359 „moechus‘²
1243 1317 1281 1347 v.
1314 1304 1393 1346 inc.
1417 1304 1469 1346 72
1498 1304 1584 1360 (ubi
1603 1305 1652 1346 L.
1673 1318 1713 1348 v.
1737 1305 1845 1347 1075

243 1373 458 1428 ,.mecum“
489 1371 607 1426 legit)
638 1375 680 1414 et
708 1371 935 1426 „cinaedus
966 1385 1004 1413 v.
1039 1371 1090 1414 18
1121 1372 1177 1425 (1,
1208 1370 1278 1424 31)
1300 1376 1341 1413 et
1369 1370 1476 1413 1015
1496 1372 1591 1427 (inc.
1613 1370 1684 1425 58)
1705 1371 1843 1426 utitur,

243 1438 300 1481 ad
336 1452 402 1493 qu.
441 1438 518 1481 loc.
551 1438 656 1482 conf.
688 1438 741 1481 M.
775 1452 922 1481 comm.
953 1453 993 1494 p.
1027 1438 1118 1481 197.
1149 1463 1203 1468 —
1233 1437 1318 1480 Ofr.
1354 1437 1479 1480 etiam
1510 1451 1600 1481 voc.
1630 1437 1844 1494 „spatalc-

245 1505 473 1548 cinaedus“
503 1505 746 1560 (σπάταλος,
778 1506 984 1559 κίναιδος)
1019 1518 1087 1560 ap.
1116 1505 1226 1548 Petr.
1257 1504 1324 1558 23,
1355 1505 1392 1548 3.

358 1584 476 1627 Haec
504 1583 707 1626 hactenus
739 1583 792 1626 de
821 1583 970 1626 Lucilii
1001 1582 1272 1625 substantivis
1304 1581 1596 1637 singularibus,

357 1675 399 1725 δ)
430 1673 562 1715 Venio
581 1686 692 1715 nunc
711 1672 766 1714 ad
796 1672 984 1714 formas
1005 1670 1227 1716 nonnullas
1248 1670 1558 1727 vocabulorum,
1575 1685 1680 1727 quas
1700 1670 1844 1715 itidem

247 1753 453 1794 nusquam
482 1739 564 1782 nisi
592 1739 635 1782 in
666 1739 804 1782 satiris
835 1738 1063 1781 Lucilianis
1092 1738 1364 1794 reperiamus.

361 1831 423 1881 6¹)
454 1828 517 1871 Ac
551 1828 731 1884 primum
768 1832 960 1883 quattuor
1004 1827 1105 1870 mihi
1142 1831 1362 1870 occurrunt
1399 1827 1663 1870 substantiva
1698 1827 1757 1870 ita
1778 1824 1846 1870 ‘ex

247 1908 402 1950 graeca
432 1895 575 1950 lingua
610 1895 653 1937 in
690 1895 863 1937 latinam
893 1894 1049 1937 tralata
1079 1899 1120 1938 et
1147 1894 1445 1938 transformata
1473 1894 1764 1950 metaplasmo,
1802 1897 1847 1937 ut

247 1961 374 2004 aliam
412 1965 538 2017 atque
573 1968 645 2004 aut
682 1965 808 2004 antea
844 1961 956 2017 apud
988 1962 1173 2004 Graecos
1210 1965 1283 2004 aut
1314 1965 1461 2017 postea
1490 1961 1603 2018 apud
1632 1962 1844 2004 Romanos

248 2029 443 2072 usitatam
496 2033 722 2085 sequantur
771 2028 1095 2071 declinationem
1138 2042 1356 2083 genusque
1404 2027 1628 2071 ostendant
1674 2027 1846 2083 insuper

248 2095 492 2151 plerumque
521 2099 735 2149 mutatum,
766 2095 888 2137 haec:

360 2172 492 2226 cala,
527 2187 591 2227 ae,
622 2173 647 2215 f.
679 2173 705 2214 i.
738 2186 773 2216 e.
810 2172 944 2226 fustis,
984 2172 1155 2226 lignum,
1192 2185 1231 2214 v.
1262 2172 1342 2214 837
1381 2171 1476 2225 (inc.
1517 2171 1634 2226 151);
1672 2169 1845 2226 „scinde

251 2239 398 2293 calam,
442 2243 487 2281 ut
530 2239 717 2294 calcas“;
758 2239 869 2294 quod
905 2252 995 2281 voc.
1033 2238 1150 2281 Serv.
1187 2238 1243 2280 ad
1277 2238 1382 2281 Aen.
1418 2238 1503 2292 VI.,
1541 2238 1572 2281 I.
1619 2243 1659 2281 et
1703 2251 1756 2280 ex
1794 2251 1844 2280 eo

250 2305 379 2348 schol.
402 2306 506 2348 Stat.
537 2306 688 2350 Achill.
720 2306 810 2360 III.,
840 2306 894 2348 48
924 2320 964 2361 p.
994 2305 1074 2347 451
1105 2305 1164 2347 ita
1192 2305 1505 2360 interpretatur:
1535 2318 1667 2360 „puer
1694 2303 1845 2359 frange

250 2372 379 2414 fustes
411 2378 451 2415 et
480 2372 546 2414 fac
575 2373 751 2415 focum“.
812 2373 1020 2415 Graecum
1051 2376 1116 2414 cst
1146 2374 1283 2416 κᾶλον
1311 2371 1379 2414 vel
1407 2374 1546 2427 κῆλον
1564 2370 1844 2429 Homericum,

250 2438 523 2490 Ilesiodeum‚
565 2439 853 2493 Pindaricum,
891 2439 1048 2481 seilicet
1090 2439 1242 2493 ubique
1287 2439 1374 2481 fere
1416 2437 1633 2494 pluraliter
1675 2436 1844 2490 dictum,

250 2505 365 2546 velut
396 2520 431 2548 V.
465 2506 583 2550 Iliad.
616 2507 660 2559 1.,
692 2508 764 2561 53,
785 2507 884 2559 383;
916 2506 1015 2559 XII,
1046 2506 1141 2560 280,
1172 2506 1240 2548 ubi
1261 2505 1463 2559 „deorum
1484 2504 1595 2547 tela“
1624 2503 1842 2558 significat.

249 2596 304 2600 —
335 2571 493 2626 Galum,
533 2573 557 2616 i.
596 2587 634 2616 n.
667 2573 837 2615 exhibet
866 2572 1014 2616 Isidor.
1056 2575 1119 2627 19,
1156 2574 1223 2627 34,
1260 2574 1298 2615 2.
1334 2598 1389 2603 —-
1426 2571 1507 2615 Cfr.
1548 2571 1677 2614 etiam
1712 2570 1845 2613 Lowii

252 2636 390 2691 prodr.
423 2652 461 2691 p.
483 2639 575 2689 321,
600 2639 667 2692 qui
688 2639 870 2682 breviter
901 2639 953 2681 (10
983 2639 1137 2693 glossis
1168 2639 1308 2694 „calaz
1339 2653 1471 2694 genus
1493 2638 1622 2693 ligni“
1643 2641 1685 2680 et
1703 2637 1843 2692 „calaz

253 2703 458 2756 ἐπικοπὶς,
481 2704 734 2761 ἐπιγλυφίς“
757 2711 952 2760 exponat.
973 2731 1028 2736 —
1049 2706 1270 2761 Ceteroqui
1292 2705 1493 2748 Lucilium
1514 2704 1640 2747 nimio
1662 2703 1843 2760 quodam

254 2769 388 2811 studio
425 2769 744 2825 allitterationis,
783 2786 906 2826 quam
945 2772 1036 2827 ipse
1070 2787 1154 2815 non
1184 2773 1318 2814 minus
1350 2786 1474 2827 quam
1504 2785 1648 2820 omnes
1679 2774 1843 2814 veteres

253 2965 284 2999 R
368 2914 390 2955 ¹)
417 2912 538 2952 klerke,
579 2915 756 2958 „symbola
795 2917 836 2950 ad
875 2917 1038 2951 vocabula
1074 2917 1203 2951 Graeca
1245 2917 1279 2951 in
1319 2917 1401 2961 ling.
1441 2916 1514 2953 Lat.
1560 2917 1715 2960 recepta,
1761 2915 1840 2952 diss.

285 2967 384 3009 egiin.
412 2968 509 3004 1868.
