1910 3034
935 39 986 82 14

158 178 437 220 Romanorum
458 174 624 218 omnino
651 173 780 216 fuisse
800 171 1158 228 consuetudinem,
1186 175 1272 214 tum
1301 170 1386 214 duo
1407 183 1556 215 vocum
1573 185 1745 228 graeca·

159 257 249 286 rum
270 256 447 298 genera:
469 241 597 283 verba
618 239 805 282 Graecae
825 238 996 293 originis
1012 238 1103 294 jam
1122 238 1220 280 trita
1237 251 1313 293 pro
1334 238 1496 281 Latinis
1516 238 1748 295 indutaque

162 309 312 351 Latino
333 308 475 351 habitu
505 312 546 350 et
575 307 712 349 colore
742 309 783 348 et
802 306 932 347 verba
960 318 1076 347 mere
1095 305 1304 361 planeque
1325 305 1488 348 Graeca
1513 304 1648 350 forma
1665 319 1751 350 non

165 380 323 418 mutata
360 374 471 431 apud
509 375 721 416 Romanos
767 371 957 414 extitisse
1002 371 1124 413 simul
1161 372 1437 416 confirmatur.
1450 372 1479 429 ¹)
1551 371 1656 428 Sed,
1703 372 1748 416 id

162 442 272 496 quod
294 442 427 497 prima
448 440 588 495 specie
617 439 799 481 maxime
819 439 1029 492 miramur,
1059 442 1146 481 tota
1174 438 1246 481 illa
1275 452 1356 493 res,
1387 451 1468 493 quo
1488 439 1623 495 magis
1651 439 1750 484 inde

162 509 214 551 ab
236 508 353 550 initio
374 507 595 562 perspicua
625 510 715 548 6131
736 510 776 548 61
797 505 917 559 quasi
939 510 1084 548 sancta
1105 506 1294 549 omnibus
1316 505 1499 548 omnium
1518 509 1751 563 temporum

161 574 326 630 scriptis
365 573 546 626 Latinis,
584 585 691 626 quae
728 576 909 614 aetatem
945 572 1145 627 tulerunt,
1184 586 1234 615 eo
1271 573 1558 615 vehementius
1595 578 1750 628 tamen,

160 640 270 694 quod
304 639 359 682 ad
396 639 597 681 Lucilium
634 639 799 693 attinet,
846 639 957 681 viros
999 639 1263 682 doctissimos
1303 639 1429 681 etiam
1465 643 1590 694 atque
1624 639 1751 683 etiam

161 707 290 749 movit
312 719 389 748 nec
410 706 576 748 desinet
596 719 682 759 eos,
712 710 756 747 ut
775 705 897 748 facile
917 719 1080 761 vereor,
1111 720 1281 749 movere
1311 720 1362 749 ea
1382 705 1666 750 tantummodo
1695 705 1752 750 de

159 787 287 816 causa
324 773 426 815 satis
463 772 641 827 cognita,
679 772 790 825 quod
828 772 1040 827 Horatius,
1078 773 1354 828 gravissimus
1391 773 1460 816 1116
1496 778 1540 815 111
1573 772 1751 816 3110111111

159 840 218 882 ita
247 839 392 881 Lucilii
429 839 651 894 praecipue
675 838 809 893 judex
848 839 1024 894 criticus,
1063 844 1140 882 sat.
1177 840 1223 895 I.,
1266 840 1328 891 10,
1369 841 1436 894 20,
1477 840 1547 882 ubi
1583 839 1750 883 omnino

160 907 249 962 ejus
280 905 447 948 dicendi
475 918 607 960 genus
629 904 823 947 minutius
846 906 989 961 carpit,
1021 906 1230 961 quendam
1258 907 1425 949 induxit
1444 906 1749 950 exclamantem

161 976 203 1014 et
232 972 351 1027 quasi
382 971 629 1026 gloriantem
667 971 721 1013 de
752 972 931 1014 Lucilio:
970 973 1051 1029 „At
1088 987 1287 1028 magnum
1316 974 1426 1028 fecit,
1464 973 1575 1028 quod
1610 973 1749 1016 verbis

161 1039 324 1082 Graeca
353 1038 513 1080 Latinis
544 1038 754 1080 irriscuitl“

271 1105 361 1155 Quo
383 1105 436 1147 de
456 1105 564 1147 111610
585 1104 685 1158 quid
706 1106 855 1160 partim
878 1119 969 1148 cum
989 1106 1083 1147 aliis
1104 1106 1210 1161 istis,
1233 1119 1336 1160 quos
1359 1119 1485 1161 supra
1504 1105 1749 1160 memoravi,

164 1172 313 1228 partim
358 1185 449 1214 meo
492 1172 623 1227 ipsius
663 1172 758 1227 jure
802 1172 1001 1227 cogitem,
1041 1186 1150 1214 1111116
1172 1173 1262 1228 jam
1301 1172 1547 1215 brevissime
1583 1171 1750 1214 omissis

162 1238 369 1292 omnibus,
407 1252 514 1292 quae
548 1238 604 1280 ad
638 1238 801 1280 Horatii
835 1241 1024 1292 causas2)
1063 1239 1319 1294 consiliaque
1351 1237 1570 1295 judicandi
1603 1237 1752 1281 Lucilii

161 1306 381 1360 pertinent,
413 1303 710 1360 exponendum
740 1305 946 1349 existimo.

271 1372 332 1414 Ac
361 1372 537 1427 primum
569 1386 621 1414 ex
640 1372 839 1414 universo
868 1372 940 1414 illo
962 1385 1084 1426 quem
1107 1373 1196 1428 jam
1220 1372 1384 1415 ostendi
1406 1373 1571 1416 Graeca
1590 1371 1752 1416 Latinis

160 1437 364 1480 miscendi
385 1451 500 1481 more
528 1438 640 1481 haud
661 1438 784 1480 dubie
804 1439 1037 1494 apparebit,
1068 1439 1271 1481 Lucilium
1298 1452 1433 1494 neque
1463 1453 1588 1482 unum
1617 1438 1752 1481 solum

161 1504 268 1546 inter
311 1517 455 1546 omnes
502 1506 724 1561 scriptores
761 1506 936 1547 Latinos
980 1519 1117 1560 neque
1161 1519 1211 1548 eo
1249 1506 1420 1549 consilio
1465 1519 1630 1562 semper
1674 1505 1754 1548 sibi

162 1570 330 1626 proprie
366 1572 580 1627 proposito
625 1578 666 1614 et
710 1578 807 1614 ante
851 1572 992 1615 oculos
1030 1574 1299 1626 obversante,
1343 1578 1388 1614 ut
1431 1573 1550 1616 fieret
1587 1585 1750 1629 „sermo

162 1637 304 1692 lingua
347 1638 574 1681 concinnus
618 1642 792 1694 utraque
836 1639 1022 1694 suavior,
1070 1643 1115 1682 ut
1157 1639 1263 1682 Chio
1306 1643 1407 1682 nota
1450 1640 1486 1682 si
1528 1639 1754 1682 commixta

162 1703 410 1758 Falernist,“
443 1704 607 1747 Graeca
627 1705 832 1748 vocabula
852 1705 990 1748 satiris
1013 1706 1098 1748 suis
1119 1705 1359 1749 inseruisse.
1418 1706 1550 1749 Immo
1570 1705 1750 1748 nationis

164 1783 265 1811 suae
295 1775 610 1826 temporumque
642 1775 807 1814 secutus
837 1786 958 1814 usum
988 1772 1066 1814 sibi
1097 1786 1258 1827 quoque
1284 1773 1472 1815 innatum
1500 1775 1624 1827 atque
1652 1771 1751 1814 insi-

162 1838 248 1878 tum
286 1840 326 1878 et
360 1836 453 1892 ipse
484 1838 675 1893 „Graeca
710 1838 872 1881 Latinis
908 1839 1168 1894 miscendo“,
1207 1840 1243 1881 si
1279 1853 1422 1882 veram
1458 1839 1519 1882 rei
1547 1838 1751 1882 rationem

164 1902 313 1957 exigis,
344 1903 448 1945 1111111
477 1904 592 1947 3111111
619 1904 729 1961 fecit,
767 1920 890 1960 quam
921 1910 961 1949 et
989 1906 1172 1962 majores
1208 1906 1299 1949 ausi
1329 1909 1448 1949 erant
1483 1909 1524 1949 et
1551 1905 1750 1961 aequales

163 1969 226 2011 sui
257 1972 298 2011 61
325 1971 483 2025 posteri
511 1970 708 2015 fecerunt.
767 1972 878 2015 Illud
906 1972 1031 2015 modo
1051 1973 1342 2028 dignissimum
1371 1977 1436 2016 est
1463 1972 1677 2027 memoria,
1706 1974 1753 2015 ut

163 2034 217 2076 M.
248 2034 272 2078 l.
304 2035 329 2078 l.
360 2039 472 2079 reete
501 2035 612 2092 dicit,
642 2039 865 2082 verborum
895 2039 1163 2094 Graecorum,
1195 2039 1231 2082 si
1259 2039 1431 2095 propria
1459 2042 1531 2081 aut
1558 2038 1751 2081 1661111163

163 2101 401 2157 exceperiS,
451 2104 617 2147 omnino
670 2105 833 2161 copiam
884 2105 1105 2161 majorem,
1158 2119 1281 2160 quam
1323 2105 1437 2161 apud
1483 2104 1750 2159 recentiores,

163 2167 340 2210 inveniri
368 2169 411 2210 in
439 2169 552 2212 libris
590 2185 743 2226 eorum,
773 2172 829 2215 ad
859 2172 984 2215 finem
1014 2172 1169 2215 saeculi
1199 2187 1237 2215 a.
1265 2186 1304 2216 u.
1326 2186 1360 2215 c.
1380 2172 1473 2217 VII.
1503 2172 1572 2227 qui
1590 2171 1750 2215 vixere.

164 2233 217 2274 Et
235 2232 313 2276 hoc
330 2235 496 2288 quidem
518 2237 640 2279 simul
660 2242 701 2280 et
719 2238 932 2294 popularis
949 2239 1262 2294 communisque
1282 2239 1485 2281 sermonis
1507 2238 1567 2295 sie
1587 2251 1750 2293 quoque

165 2297 304 2341 divitis
335 2302 548 2345 vocabulis
581 2304 753 2347 Graecis
783 2319 860 2347 usu
890 2309 931 2347 61
959 2306 1130 2362 insuper
1158 2306 1287 2348 nimia
1318 2305 1391 2348 1113
1419 2305 1750 2360 immodestaque

163 2363 266 2419 fere,
296 2380 419 2419 quam
447 2372 534 2411 tum
564 2384 687 2424 quam
716 2372 899 2415 maxime
918 2372 1110 2414 novimus
1140 2372 1339 2427 viguisse,
1369 2371 1599 2414 studiorum
1620 2369 1767 2415 Grae-'

166 2443 305 2473 corum
329 2433 534 2487 jactantia
555 2437 705 2478 evenit.
766 2437 883 2488 Quae
904 2439 1038 2492 qualis
1059 2439 1195 2493 fuerit,
1226 2439 1371 2493 quibus
1402 2452 1456 2481 ex
1477 2438 1614 2480 causis
1643 2441 1748 2493 orta,

167 2500 367 2549 quatenus
388 2514 627 2555 progressa,
658 2503 824 2556 quando
854 2504 963 2546 finiri
988 2509 1136 2561 coepta
1166 2506 1230 2559 sit,
1261 2505 1334 2547 vix
1361 2504 1507 2547 melius
1529 2504 1750 2559 quisquam

166 2562 364 2616 explicet,
408 2579 531 2619 quam
567 2568 800 2612 Mommsen
844 2569 929 2623 (lib.
974 2571 1006 2612 I.
1042 2572 1162 2614 R'om.
1193 2572 1379 2627 Gesch.),
1425 2571 1608 2614 Gorssen
1641 2570 1668 2612 l.
1705 2570 1747 2626 l.,

282 2686 304 2729 ¹)
323 2685 392 2722 Cfr.
411 2686 567 2728 Oorssen,
584 2689 733 2733 Ausspr.,
751 2691 962 2726 Vocalismus
978 2702 1010 2729 u.
1028 2692 1211 2737 Betonung
1227 2692 1286 2727 der
1300 2692 1361 2730 lat.
1378 2692 1528 2738 Sprache
1538 2692 1596 2734 11..
1613 2694 1679 2729 225
1695 2703 1748 2738 sq.

278 2740 306 2784 2)
332 2740 372 2775 de
400 2742 520 2785 quibus
544 2743 602 2777 cfr.
627 2755 654 2780 e.
683 2755 752 2788 gn:
785 2747 819 2790 1)
845 2746 886 2783 O.
911 2746 1088 2789 Lutsch,
1118 2747 1242 2791 Einige
1266 2747 1525 2792 Bemerkungen
1555 2747 1640 2784 iiber
1664 2747 1747 2783 Ver-

168 2793 351 2838 anlassung
372 2795 443 2829 und
467 2795 587 2831 Zweck
611 2797 668 2832 der
684 2798 838 2834 Urtheile
862 2801 921 2836 des
944 2801 1055 2836 Horaz
1078 2802 1162 2836 iiber
1185 2803 1239 2837 die
1264 2803 1356 2838 alten
1378 2803 1568 2838 romischen
1594 2802 1746 2840 Dichter.

168 2847 287 2892 Progr.
312 2848 485 2884 Elberfeld
511 2852 604 2889 1880.
649 2854 684 2897 2)
709 2853 867 2897 Triemel,
889 2856 911 2893 1,
935 2857 958 2893 1.
1004 2857 1038 2902 3)
1063 2856 1213 2901 Herwig,
1238 2858 1261 2895 1.
1284 2858 1306 2893 1.
1351 2859 1386 2902 4)
1411 2857 1588 2899 Barkholt,
1610 2856 1748 2893 Horafii

168 2902 209 2937 116
231 2905 400 2939 veteribus
424 2905 651 2942 Romanorum
674 2909 785 2952 poetis
807 2911 1007 2953 sententiae,
1029 2911 1148 2956 Progr.
1172 2912 1343 2957 Warburg
1367 2913 1462 2950 1876.
