<?xml version="1.0" encoding="UTF-8"?>
<!DOCTYPE html PUBLIC "-//W3C//DTD XHTML 1.0 Transitional//EN"
    "http://www.w3.org/TR/xhtml1/DTD/xhtml1-transitional.dtd">
<html xmlns="http://www.w3.org/1999/xhtml" xml:lang="en" lang="en">
 <head>
  <title>
</title>
<meta http-equiv="Content-Type" content="text/html;charset=utf-8" />
  <meta name='ocr-system' content='tesseract 3.04.00' />
  <meta name='ocr-capabilities' content='ocr_page ocr_carea ocr_par ocr_line ocrx_word'/>
</head>
<body>
  <div class='ocr_page' id='page_1' title='image "./devocibuslucilia00fiscuoft_0031.png"; bbox 0 0 1910 3034; ppageno 0'>
   <div class='ocr_carea' id='block_1_1' title="bbox 0 0 418 305">
    <p class='ocr_par' dir='ltr' id='par_1_1' title="bbox 0 0 418 305">
     <span class='ocr_line' id='line_1_1' title="bbox 0 0 418 305; baseline 0 0"><span class='ocrx_word' id='word_1_1' title='bbox 0 0 418 305; x_wconf 95' lang='lat' dir='ltr'><strong>   </strong></span> 
     </span>
    </p>
   </div>
   <div class='ocr_carea' id='block_1_2' title="bbox 704 76 913 120">
    <p class='ocr_par' dir='ltr' id='par_1_2' title="bbox 704 76 913 120">
     <span class='ocr_line' id='line_1_2' title="bbox 704 76 913 120; baseline -0.005 1"><span class='ocrx_word' id='word_1_2' title='bbox 704 88 798 105; x_wconf 41' lang='grc' dir='ltr'><strong>’ν’</strong></span> <span class='ocrx_word' id='word_1_3' title='bbox 858 76 913 120; x_wconf 77' lang='grc'><strong>27</strong></span> 
     </span>
    </p>
   </div>
   <div class='ocr_carea' id='block_1_3' title="bbox 754 136 1020 143">
    <p class='ocr_par' dir='ltr' id='par_1_3' title="bbox 754 136 1020 143">
     <span class='ocr_line' id='line_1_3' title="bbox 754 136 1020 143; baseline 0 2891"><span class='ocrx_word' id='word_1_4' title='bbox 754 136 1020 143; x_wconf 95' lang='lat' dir='ltr'><strong> </strong></span> 
     </span>
    </p>
   </div>
   <div class='ocr_carea' id='block_1_4' title="bbox 30 166 1686 337">
    <p class='ocr_par' dir='ltr' id='par_1_4' title="bbox 30 166 1686 337">
     <span class='ocr_line' id='line_1_4' title="bbox 66 166 331 206; baseline -0.015 0"><span class='ocrx_word' id='word_1_5' title='bbox 66 179 92 206; x_wconf 67' lang='lat' dir='ltr'><strong>c‘·</strong></span> <span class='ocrx_word' id='word_1_6' title='bbox 125 174 203 202; x_wconf 50' lang='lat' dir='ltr'><strong>&#39;a‘</strong></span> <span class='ocrx_word' id='word_1_7' title='bbox 221 190 230 196; x_wconf 86' lang='lat'><em>—</em></span> <span class='ocrx_word' id='word_1_8' title='bbox 244 166 267 174; x_wconf 30' lang='grc' dir='ltr'><em>μ</em></span> <span class='ocrx_word' id='word_1_9' title='bbox 328 191 331 193; x_wconf 93' lang='grc'>-</span> 
     </span>
     <span class='ocr_line' id='line_1_5' title="bbox 30 202 1686 269; baseline -0.008 -9"><span class='ocrx_word' id='word_1_10' title='bbox 30 268 33 269; x_wconf 12' lang='lat'><em>⁷</em></span> <span class='ocrx_word' id='word_1_11' title='bbox 118 204 159 266; x_wconf 16' lang='lat' dir='ltr'><strong>&#39;V</strong></span> <span class='ocrx_word' id='word_1_12' title='bbox 187 264 193 266; x_wconf 52' lang='grc'>,</span> <span class='ocrx_word' id='word_1_13' title='bbox 206 211 211 214; x_wconf 72' lang='grc'><strong>’</strong></span> <span class='ocrx_word' id='word_1_14' title='bbox 235 212 257 253; x_wconf 63' lang='grc' dir='ltr'><strong>Ὺ.</strong></span> <span class='ocrx_word' id='word_1_15' title='bbox 292 215 348 259; x_wconf 85' lang='lat' dir='ltr'><strong>ab</strong></span> <span class='ocrx_word' id='word_1_16' title='bbox 369 218 547 259; x_wconf 85' lang='lat' dir='ltr'><strong>externa</strong></span> <span class='ocrx_word' id='word_1_17' title='bbox 566 211 836 256; x_wconf 80' lang='lat' dir='ltr'><strong>similitudine</strong></span> <span class='ocrx_word' id='word_1_18' title='bbox 854 225 948 255; x_wconf 90' lang='lat' dir='ltr'><strong>cum</strong></span> <span class='ocrx_word' id='word_1_19' title='bbox 966 209 1135 267; x_wconf 85' lang='lat' dir='ltr'><strong>palmae</strong></span> <span class='ocrx_word' id='word_1_20' title='bbox 1153 207 1274 262; x_wconf 81' lang='lat' dir='ltr'><strong>fruge</strong></span> <span class='ocrx_word' id='word_1_21' title='bbox 1293 205 1486 259; x_wconf 84' lang='lat' dir='ltr'><strong>‚‚tamae“</strong></span> <span class='ocrx_word' id='word_1_22' title='bbox 1505 202 1686 246; x_wconf 80' lang='lat' dir='ltr'><strong>fortasse</strong></span> 
     </span>
     <span class='ocr_line' id='line_1_6' title="bbox 90 281 700 337; baseline -0.005 -11.029"><span class='ocrx_word' id='word_1_23' title='bbox 90 284 115 311; x_wconf 76' lang='grc'><strong>””</strong></span> <span class='ocrx_word' id='word_1_24' title='bbox 134 290 142 293; x_wconf 78' lang='grc'><em>“</em></span> <span class='ocrx_word' id='word_1_25' title='bbox 289 295 442 325; x_wconf 86' lang='lat' dir='ltr'><strong>nomen</strong></span> <span class='ocrx_word' id='word_1_26' title='bbox 470 281 700 337; x_wconf 86' lang='lat' dir='ltr'><strong>accepisse.</strong></span> 
     </span>
    </p>
   </div>
   <div class='ocr_carea' id='block_1_5' title="bbox 15 369 1687 692">
    <p class='ocr_par' dir='ltr' id='par_1_5' title="bbox 15 369 1687 692">
     <span class='ocr_line' id='line_1_7' title="bbox 205 369 1687 439; baseline -0.01 -13.444"><span class='ocrx_word' id='word_1_27' title='bbox 205 383 250 439; x_wconf 84' lang='grc' dir='ltr'><strong>β)</strong></span> <span class='ocrx_word' id='word_1_28' title='bbox 298 381 457 433; x_wconf 85' lang='lat' dir='ltr'><strong>Quibus</strong></span> <span class='ocrx_word' id='word_1_29' title='bbox 494 379 691 424; x_wconf 87' lang='lat' dir='ltr'><strong>nonnulla</strong></span> <span class='ocrx_word' id='word_1_30' title='bbox 727 378 931 422; x_wconf 83' lang='lat' dir='ltr'><strong>vocabula</strong></span> <span class='ocrx_word' id='word_1_31' title='bbox 966 376 1141 431; x_wconf 85' lang='lat' dir='ltr'>addam,</span> <span class='ocrx_word' id='word_1_32' title='bbox 1185 388 1293 431; x_wconf 88' lang='lat' dir='ltr'><strong>quae</strong></span> <span class='ocrx_word' id='word_1_33' title='bbox 1334 371 1479 415; x_wconf 77' lang='lat' dir='ltr'><strong>itidem</strong></span> <span class='ocrx_word' id='word_1_34' title='bbox 1515 369 1687 425; x_wconf 89' lang='lat' dir='ltr'><strong>originis</strong></span> 
     </span>
     <span class='ocr_line' id='line_1_8' title="bbox 93 439 1684 504; baseline -0.007 -15.329"><span class='ocrx_word' id='word_1_35' title='bbox 93 442 422 504; x_wconf 71' lang='lat' dir='ltr'><strong>haudquaquam</strong></span> <span class='ocrx_word' id='word_1_36' title='bbox 457 446 719 499; x_wconf 78' lang='lat' dir='ltr'><strong>Lucilianae,</strong></span> <span class='ocrx_word' id='word_1_37' title='bbox 765 445 842 488; x_wconf 91' lang='lat' dir='ltr'><strong>sed</strong></span> <span class='ocrx_word' id='word_1_38' title='bbox 878 444 1015 500; x_wconf 91' lang='lat' dir='ltr'><strong>potius</strong></span> <span class='ocrx_word' id='word_1_39' title='bbox 1053 441 1266 499; x_wconf 89' lang='lat' dir='ltr'><strong>popularis</strong></span> <span class='ocrx_word' id='word_1_40' title='bbox 1302 439 1547 494; x_wconf 84' lang='lat' dir='ltr'><strong>vulgarisve</strong></span> <span class='ocrx_word' id='word_1_41' title='bbox 1589 451 1684 480; x_wconf 83' lang='lat' dir='ltr'><strong>esse</strong></span> 
     </span>
     <span class='ocr_line' id='line_1_9' title="bbox 15 506 1687 567; baseline -0.008 -7"><span class='ocrx_word' id='word_1_42' title='bbox 15 549 18 553; x_wconf 81' lang='lat'><strong>.</strong></span> <span class='ocrx_word' id='word_1_43' title='bbox 94 528 224 559; x_wconf 85' lang='lat' dir='ltr'><strong>sensu</strong></span> <span class='ocrx_word' id='word_1_44' title='bbox 260 518 302 558; x_wconf 90' lang='lat' dir='ltr'><strong>et</strong></span> <span class='ocrx_word' id='word_1_45' title='bbox 336 515 506 558; x_wconf 90' lang='lat' dir='ltr'><strong>notione</strong></span> <span class='ocrx_word' id='word_1_46' title='bbox 541 513 662 556; x_wconf 88' lang='lat' dir='ltr'><strong>facile</strong></span> <span class='ocrx_word' id='word_1_47' title='bbox 700 512 976 567; x_wconf 80' lang='lat' dir='ltr'><strong>cognoscitur.</strong></span> <span class='ocrx_word' id='word_1_48' title='bbox 1047 510 1156 552; x_wconf 82' lang='lat' dir='ltr'><strong>Nam</strong></span> <span class='ocrx_word' id='word_1_49' title='bbox 1191 508 1428 564; x_wconf 85' lang='lat' dir='ltr'><strong>significant</strong></span> <span class='ocrx_word' id='word_1_50' title='bbox 1459 506 1687 556; x_wconf 81' lang='lat' dir='ltr'><strong>institores,</strong></span> 
     </span>
     <span class='ocr_line' id='line_1_10' title="bbox 15 572 1687 639; baseline -0.008 -13"><span class='ocrx_word' id='word_1_51' title='bbox 15 573 20 576; x_wconf 38' lang='lat'>⁵</span> <span class='ocrx_word' id='word_1_52' title='bbox 94 581 287 639; x_wconf 86' lang='lat' dir='ltr'><strong>opifices,</strong></span> <span class='ocrx_word' id='word_1_53' title='bbox 321 582 609 637; x_wconf 78' lang='lat' dir='ltr'><strong>magistratus,</strong></span> <span class='ocrx_word' id='word_1_54' title='bbox 646 594 715 623; x_wconf 90' lang='lat' dir='ltr'><strong>res</strong></span> <span class='ocrx_word' id='word_1_55' title='bbox 752 583 985 634; x_wconf 86' lang='lat' dir='ltr'><strong>eventaque</strong></span> <span class='ocrx_word' id='word_1_56' title='bbox 1024 575 1259 620; x_wconf 87' lang='lat' dir='ltr'><strong>cotidianae</strong></span> <span class='ocrx_word' id='word_1_57' title='bbox 1295 572 1606 617; x_wconf 85' lang='lat' dir='ltr'><strong>consuetudinis</strong></span> <span class='ocrx_word' id='word_1_58' title='bbox 1645 575 1687 614; x_wconf 92' lang='lat' dir='ltr'><strong>et</strong></span> 
     </span>
     <span class='ocr_line' id='line_1_11' title="bbox 26 639 1617 692; baseline -0.005 -3"><span class='ocrx_word' id='word_1_59' title='bbox 26 681 33 689; x_wconf 73' lang='grc'>,</span> <span class='ocrx_word' id='word_1_60' title='bbox 101 647 227 692; x_wconf 79' lang='lat' dir='ltr'><strong>vitae.</strong></span> <span class='ocrx_word' id='word_1_61' title='bbox 286 647 399 691; x_wconf 85' lang='lat' dir='ltr'><strong>Casu</strong></span> <span class='ocrx_word' id='word_1_62' title='bbox 426 647 594 690; x_wconf 90' lang='lat' dir='ltr'><strong>nonnisi</strong></span> <span class='ocrx_word' id='word_1_63' title='bbox 621 660 647 689; x_wconf 88' lang='lat' dir='ltr'><strong>a</strong></span> <span class='ocrx_word' id='word_1_64' title='bbox 677 645 836 688; x_wconf 83' lang='lat' dir='ltr'><strong>Lucilio</strong></span> <span class='ocrx_word' id='word_1_65' title='bbox 865 647 1155 687; x_wconf 83' lang='lat' dir='ltr'><strong>memorantur.</strong></span> <span class='ocrx_word' id='word_1_66' title='bbox 1216 642 1322 684; x_wconf 85' lang='lat' dir='ltr'><strong>Sunt</strong></span> <span class='ocrx_word' id='word_1_67' title='bbox 1350 641 1461 683; x_wconf 89' lang='lat' dir='ltr'><strong>enim</strong></span> <span class='ocrx_word' id='word_1_68' title='bbox 1491 639 1617 682; x_wconf 85' lang='lat' dir='ltr'><strong>haee:</strong></span> 
     </span>
    </p>
   </div>
   <div class='ocr_carea' id='block_1_6' title="bbox 0 738 1692 1333">
    <p class='ocr_par' dir='ltr' id='par_1_6' title="bbox 207 738 1688 803">
     <span class='ocr_line' id='line_1_12' title="bbox 207 738 1688 803; baseline -0.007 -13"><span class='ocrx_word' id='word_1_69' title='bbox 207 747 274 803; x_wconf 82' lang='grc' dir='ltr'><strong>β“)</strong></span> <span class='ocrx_word' id='word_1_70' title='bbox 301 745 584 790; x_wconf 79' lang='lat' dir='ltr'><strong>halicarias</strong></span> <span class='ocrx_word' id='word_1_71' title='bbox 614 746 654 788; x_wconf 92' lang='lat' dir='ltr'><strong>h.</strong></span> <span class='ocrx_word' id='word_1_72' title='bbox 685 759 721 789; x_wconf 83' lang='lat' dir='ltr'><strong>e.</strong></span> <span class='ocrx_word' id='word_1_73' title='bbox 754 745 824 800; x_wconf 91' lang='lat' dir='ltr'><strong>qui</strong></span> <span class='ocrx_word' id='word_1_74' title='bbox 843 744 1008 799; x_wconf 84' lang='lat' dir='ltr'><strong>alicam,</strong></span> <span class='ocrx_word' id='word_1_75' title='bbox 1037 743 1111 795; x_wconf 86' lang='lat' dir='ltr'><strong>far,</strong></span> <span class='ocrx_word' id='word_1_76' title='bbox 1141 742 1247 784; x_wconf 88' lang='lat' dir='ltr'><strong>ador</strong></span> <span class='ocrx_word' id='word_1_77' title='bbox 1266 740 1384 784; x_wconf 89' lang='lat' dir='ltr'><strong>molit</strong></span> <span class='ocrx_word' id='word_1_78' title='bbox 1411 739 1479 783; x_wconf 86' lang='lat' dir='ltr'><strong>vel</strong></span> <span class='ocrx_word' id='word_1_79' title='bbox 1508 738 1688 792; x_wconf 83' lang='lat' dir='ltr'><strong>conficit,</strong></span> 
     </span>
    </p>

    <p class='ocr_par' dir='ltr' id='par_1_7' title="bbox 16 805 1690 1068">
     <span class='ocr_line' id='line_1_13' title="bbox 100 805 1690 866; baseline -0.006 -9"><span class='ocrx_word' id='word_1_80' title='bbox 100 827 142 857; x_wconf 80' lang='lat' dir='ltr'><strong>v.</strong></span> <span class='ocrx_word' id='word_1_81' title='bbox 161 813 245 856; x_wconf 86' lang='grc'><strong>422</strong></span> <span class='ocrx_word' id='word_1_82' title='bbox 265 814 348 866; x_wconf 85' lang='grc'>(15,</span> <span class='ocrx_word' id='word_1_83' title='bbox 369 814 460 866; x_wconf 83' lang='lat'>38):</span> <span class='ocrx_word' id='word_1_84' title='bbox 494 827 642 866; x_wconf 86' lang='lat' dir='ltr'><strong>„nemo</strong></span> <span class='ocrx_word' id='word_1_85' title='bbox 664 816 729 855; x_wconf 92' lang='lat' dir='ltr'><strong>est</strong></span> <span class='ocrx_word' id='word_1_86' title='bbox 747 811 972 854; x_wconf 77' lang='lat' dir='ltr'><strong>halicarias</strong></span> <span class='ocrx_word' id='word_1_87' title='bbox 994 810 1199 866; x_wconf 87' lang='lat' dir='ltr'><strong>posterior</strong></span> <span class='ocrx_word' id='word_1_88' title='bbox 1218 808 1299 852; x_wconf 86' lang='lat' dir='ltr'><strong>te“.</strong></span> <span class='ocrx_word' id='word_1_89' title='bbox 1344 807 1508 850; x_wconf 84' lang='lat' dir='ltr'><strong>Laudat</strong></span> <span class='ocrx_word' id='word_1_90' title='bbox 1529 805 1690 849; x_wconf 84' lang='lat' dir='ltr'><strong>Charis.</strong></span> 
     </span>
     <span class='ocr_line' id='line_1_14' title="bbox 97 871 1687 934; baseline -0.006 -12"><span class='ocrx_word' id='word_1_91' title='bbox 97 879 169 922; x_wconf 84' lang='lat'><strong>75:</strong></span> <span class='ocrx_word' id='word_1_92' title='bbox 217 879 391 933; x_wconf 82' lang='lat' dir='ltr'><strong>„alicam</strong></span> <span class='ocrx_word' id='word_1_93' title='bbox 429 879 520 922; x_wconf 89' lang='lat' dir='ltr'><strong>sine</strong></span> <span class='ocrx_word' id='word_1_94' title='bbox 554 880 812 934; x_wconf 84' lang='lat' dir='ltr'><strong>aspiratione</strong></span> <span class='ocrx_word' id='word_1_95' title='bbox 856 878 1013 920; x_wconf 85' lang='lat' dir='ltr'><strong>dictam</strong></span> <span class='ocrx_word' id='word_1_96' title='bbox 1046 875 1218 918; x_wconf 89' lang='lat' dir='ltr'><strong>Verrius</strong></span> <span class='ocrx_word' id='word_1_97' title='bbox 1255 874 1382 917; x_wconf 83' lang='lat' dir='ltr'><strong>tradit</strong></span> <span class='ocrx_word' id='word_1_98' title='bbox 1412 877 1453 915; x_wconf 92' lang='lat' dir='ltr'><strong>et</strong></span> <span class='ocrx_word' id='word_1_99' title='bbox 1482 873 1543 915; x_wconf 90' lang='lat' dir='ltr'><strong>sie</strong></span> <span class='ocrx_word' id='word_1_100' title='bbox 1570 871 1687 914; x_wconf 81' lang='lat' dir='ltr'><strong>multi</strong></span> 
     </span>
     <span class='ocr_line' id='line_1_15' title="bbox 16 939 1685 1005; baseline -0.005 -16"><span class='ocrx_word' id='word_1_101' title='bbox 16 957 23 966; x_wconf 84' lang='grc'><em>·</em></span> <span class='ocrx_word' id='word_1_102' title='bbox 94 946 309 1005; x_wconf 78' lang='lat' dir='ltr'><strong>dixerunt3</strong></span> <span class='ocrx_word' id='word_1_103' title='bbox 348 946 426 989; x_wconf 89' lang='lat' dir='ltr'><strong>sed</strong></span> <span class='ocrx_word' id='word_1_104' title='bbox 455 946 658 988; x_wconf 88' lang='lat' dir='ltr'><strong>Lucilius:</strong></span> <span class='ocrx_word' id='word_1_105' title='bbox 707 959 852 998; x_wconf 84' lang='lat' dir='ltr'><strong>„nemo</strong></span> <span class='ocrx_word' id='word_1_106' title='bbox 882 958 917 987; x_wconf 92' lang='lat' dir='ltr'><strong>e.</strong></span> <span class='ocrx_word' id='word_1_107' title='bbox 949 959 987 998; x_wconf 91' lang='lat' dir='ltr'><strong>q.</strong></span> <span class='ocrx_word' id='word_1_108' title='bbox 1020 945 1078 986; x_wconf 65' lang='lat' dir='ltr'><strong>sf‘</strong></span> <span class='ocrx_word' id='word_1_109' title='bbox 1113 956 1206 984; x_wconf 90' lang='lat' dir='ltr'><strong>cum</strong></span> <span class='ocrx_word' id='word_1_110' title='bbox 1242 940 1497 997; x_wconf 84' lang='lat' dir='ltr'><strong>aspiratione</strong></span> <span class='ocrx_word' id='word_1_111' title='bbox 1537 939 1685 981; x_wconf 57' lang='lat' dir='ltr'><strong>dixit‘st</strong></span> 
     </span>
     <span class='ocr_line' id='line_1_16' title="bbox 25 1005 1690 1068; baseline -0.004 -14"><span class='ocrx_word' id='word_1_112' title='bbox 25 1038 49 1042; x_wconf 92' lang='lat'><strong>--</strong></span> <span class='ocrx_word' id='word_1_113' title='bbox 93 1011 162 1054; x_wconf 86' lang='lat' dir='ltr'><strong>Ad</strong></span> <span class='ocrx_word' id='word_1_114' title='bbox 179 1025 305 1068; x_wconf 88' lang='lat' dir='ltr'><strong>quem</strong></span> <span class='ocrx_word' id='word_1_115' title='bbox 325 1011 461 1055; x_wconf 88' lang='lat' dir='ltr'><strong>locum</strong></span> <span class='ocrx_word' id='word_1_116' title='bbox 482 1012 714 1055; x_wconf 87' lang='lat' dir='ltr'><strong>Corssenus</strong></span> <span class='ocrx_word' id='word_1_117' title='bbox 736 1014 928 1067; x_wconf 88' lang='lat' dir='ltr'><strong>(Ausspr.</strong></span> <span class='ocrx_word' id='word_1_118' title='bbox 949 1011 997 1064; x_wconf 92' lang='grc' dir='ltr'><strong>Ι.,</strong></span> <span class='ocrx_word' id='word_1_119' title='bbox 1017 1010 1102 1063; x_wconf 86' lang='grc'>49.)</span> <span class='ocrx_word' id='word_1_120' title='bbox 1160 1008 1319 1052; x_wconf 87' lang='lat' dir='ltr'><strong>confert</strong></span> <span class='ocrx_word' id='word_1_121' title='bbox 1336 1006 1548 1062; x_wconf 83' lang='lat' dir='ltr'><strong>Nigidium</strong></span> <span class='ocrx_word' id='word_1_122' title='bbox 1566 1005 1690 1060; x_wconf 87' lang='lat' dir='ltr'><strong>Figu-</strong></span> 
     </span>
    </p>

    <p class='ocr_par' dir='ltr' id='par_1_8' title="bbox 0 1072 1692 1333">
     <span class='ocr_line' id='line_1_17' title="bbox 14 1072 1686 1134; baseline -0.004 -14"><span class='ocrx_word' id='word_1_123' title='bbox 14 1096 34 1109; x_wconf 46' lang='lat'><strong>·‘</strong></span> <span class='ocrx_word' id='word_1_124' title='bbox 93 1077 180 1120; x_wconf 88' lang='lat' dir='ltr'><strong>lum</strong></span> <span class='ocrx_word' id='word_1_125' title='bbox 198 1091 268 1134; x_wconf 81' lang='lat' dir='ltr'><strong>ap.</strong></span> <span class='ocrx_word' id='word_1_126' title='bbox 289 1077 399 1121; x_wconf 80' lang='lat' dir='ltr'><strong>Gen.</strong></span> <span class='ocrx_word' id='word_1_127' title='bbox 420 1078 555 1132; x_wconf 66' lang='lat' dir='ltr'>XIII„</span> <span class='ocrx_word' id='word_1_128' title='bbox 575 1079 615 1132; x_wconf 83' lang='lat'><strong>6,</strong></span> <span class='ocrx_word' id='word_1_129' title='bbox 635 1079 680 1120; x_wconf 84' lang='lat'><strong>3:</strong></span> <span class='ocrx_word' id='word_1_130' title='bbox 705 1078 925 1133; x_wconf 86' lang='lat' dir='ltr'><strong>„Rusticus</strong></span> <span class='ocrx_word' id='word_1_131' title='bbox 946 1076 993 1118; x_wconf 85' lang='lat' dir='ltr'><strong>fit</strong></span> <span class='ocrx_word' id='word_1_132' title='bbox 1013 1089 1164 1129; x_wconf 86' lang='lat' dir='ltr'><strong>sermo,</strong></span> <span class='ocrx_word' id='word_1_133' title='bbox 1186 1075 1222 1116; x_wconf 91' lang='lat' dir='ltr'><strong>si</strong></span> <span class='ocrx_word' id='word_1_134' title='bbox 1241 1075 1405 1130; x_wconf 87' lang='lat' dir='ltr'><strong>aspires</strong></span> <span class='ocrx_word' id='word_1_135' title='bbox 1426 1072 1686 1130; x_wconf 85' lang='lat' dir='ltr'><strong>perperam.“</strong></span> 
     </span>
     <span class='ocr_line' id='line_1_18' title="bbox 0 1139 1692 1209; baseline -0.004 -21"><span class='ocrx_word' id='word_1_136' title='bbox 0 1200 9 1209; x_wconf 41' lang='grc' dir='ltr'>Ι</span> <span class='ocrx_word' id='word_1_137' title='bbox 96 1143 289 1188; x_wconf 76' lang='lat' dir='ltr'><strong>Ceterum</strong></span> <span class='ocrx_word' id='word_1_138' title='bbox 308 1144 422 1200; x_wconf 86' lang='lat' dir='ltr'><strong>apud</strong></span> <span class='ocrx_word' id='word_1_139' title='bbox 442 1145 577 1187; x_wconf 87' lang='lat' dir='ltr'><strong>Plaut.</strong></span> <span class='ocrx_word' id='word_1_140' title='bbox 599 1146 728 1188; x_wconf 89' lang='lat' dir='ltr'><strong>Poen.</strong></span> <span class='ocrx_word' id='word_1_141' title='bbox 761 1146 797 1199; x_wconf 90' lang='lat' dir='ltr'><strong>l,</strong></span> <span class='ocrx_word' id='word_1_142' title='bbox 817 1145 856 1197; x_wconf 92' lang='grc'><strong>2,</strong></span> <span class='ocrx_word' id='word_1_143' title='bbox 877 1144 932 1186; x_wconf 79' lang='lat'><strong>54</strong></span> <span class='ocrx_word' id='word_1_144' title='bbox 952 1142 1150 1199; x_wconf 85' lang='lat' dir='ltr'><strong>adjectivi</strong></span> <span class='ocrx_word' id='word_1_145' title='bbox 1170 1141 1304 1184; x_wconf 89' lang='lat' dir='ltr'><strong>forma</strong></span> <span class='ocrx_word' id='word_1_146' title='bbox 1324 1141 1415 1184; x_wconf 90' lang='lat' dir='ltr'><strong>sine</strong></span> <span class='ocrx_word' id='word_1_147' title='bbox 1434 1139 1692 1195; x_wconf 86' lang='lat' dir='ltr'><strong>aspiratione</strong></span> 
     </span>
     <span class='ocr_line' id='line_1_19' title="bbox 0 1205 1691 1295; baseline -0.004 -42"><span class='ocrx_word' id='word_1_148' title='bbox 0 1211 18 1295; x_wconf 49' lang='grc' dir='ltr'><strong>ἱ</strong></span> <span class='ocrx_word' id='word_1_149' title='bbox 94 1209 250 1255; x_wconf 78' lang='lat' dir='ltr'><strong>tradita</strong></span> <span class='ocrx_word' id='word_1_150' title='bbox 269 1214 426 1252; x_wconf 86' lang='lat' dir='ltr'><strong>exstat:</strong></span> <span class='ocrx_word' id='word_1_151' title='bbox 461 1211 706 1266; x_wconf 85' lang='lat' dir='ltr'><strong>„prosedas,</strong></span> <span class='ocrx_word' id='word_1_152' title='bbox 728 1211 930 1266; x_wconf 85' lang='lat' dir='ltr'><strong>pistorum</strong></span> <span class='ocrx_word' id='word_1_153' title='bbox 950 1210 1121 1260; x_wconf 86' lang='lat' dir='ltr'><strong>amicas,</strong></span> <span class='ocrx_word' id='word_1_154' title='bbox 1142 1209 1340 1263; x_wconf 86' lang='lat' dir='ltr'><strong>reliquias</strong></span> <span class='ocrx_word' id='word_1_155' title='bbox 1360 1206 1580 1250; x_wconf 85' lang='lat' dir='ltr'><strong>alicarias“</strong></span> <span class='ocrx_word' id='word_1_156' title='bbox 1599 1205 1640 1249; x_wconf 89' lang='lat' dir='ltr'><strong>h.</strong></span> <span class='ocrx_word' id='word_1_157' title='bbox 1658 1218 1691 1248; x_wconf 83' lang='lat' dir='ltr'><strong>s.</strong></span> 
     </span>
     <span class='ocr_line' id='line_1_20' title="bbox 97 1273 1692 1333; baseline -0.003 -13"><span class='ocrx_word' id='word_1_158' title='bbox 97 1276 340 1320; x_wconf 80' lang='lat' dir='ltr'><strong>meretrices</strong></span> <span class='ocrx_word' id='word_1_159' title='bbox 362 1277 508 1320; x_wconf 88' lang='lat' dir='ltr'><strong>solitas</strong></span> <span class='ocrx_word' id='word_1_160' title='bbox 531 1284 629 1320; x_wconf 88' lang='lat' dir='ltr'><strong>ante</strong></span> <span class='ocrx_word' id='word_1_161' title='bbox 651 1278 829 1333; x_wconf 87' lang='lat' dir='ltr'><strong>pistrina</strong></span> <span class='ocrx_word' id='word_1_162' title='bbox 848 1277 1111 1320; x_wconf 82' lang='lat' dir='ltr'><strong>alicariorum</strong></span> <span class='ocrx_word' id='word_1_163' title='bbox 1132 1275 1293 1318; x_wconf 86' lang='lat' dir='ltr'><strong>versari</strong></span> <span class='ocrx_word' id='word_1_164' title='bbox 1314 1279 1514 1331; x_wconf 88' lang='lat' dir='ltr'><strong>quaestus</strong></span> <span class='ocrx_word' id='word_1_165' title='bbox 1544 1273 1692 1328; x_wconf 87' lang='lat' dir='ltr'><strong>gratia.</strong></span> 
     </span>
    </p>
   </div>
   <div class='ocr_carea' id='block_1_7' title="bbox 0 1362 1698 2359">
    <p class='ocr_par' dir='ltr' id='par_1_9' title="bbox 206 1362 1690 1422">
     <span class='ocr_line' id='line_1_21' title="bbox 206 1362 1690 1422; baseline -0.004 -13"><span class='ocrx_word' id='word_1_166' title='bbox 206 1366 444 1422; x_wconf 81' lang='lat' dir='ltr'><strong>ceparius</strong></span> <span class='ocrx_word' id='word_1_167' title='bbox 482 1366 522 1408; x_wconf 92' lang='lat' dir='ltr'><strong>h.</strong></span> <span class='ocrx_word' id='word_1_168' title='bbox 561 1380 597 1408; x_wconf 87' lang='lat' dir='ltr'><strong>e.</strong></span> <span class='ocrx_word' id='word_1_169' title='bbox 635 1367 705 1421; x_wconf 90' lang='lat' dir='ltr'><strong>qui</strong></span> <span class='ocrx_word' id='word_1_170' title='bbox 746 1380 874 1422; x_wconf 78' lang='lat' dir='ltr'><strong>cepas</strong></span> <span class='ocrx_word' id='word_1_171' title='bbox 912 1366 1056 1409; x_wconf 86' lang='lat' dir='ltr'><strong>vendit</strong></span> <span class='ocrx_word' id='word_1_172' title='bbox 1092 1365 1160 1408; x_wconf 89' lang='lat' dir='ltr'><strong>vel</strong></span> <span class='ocrx_word' id='word_1_173' title='bbox 1195 1365 1266 1420; x_wconf 85' lang='lat' dir='ltr'><strong>qui</strong></span> <span class='ocrx_word' id='word_1_174' title='bbox 1301 1364 1417 1419; x_wconf 87' lang='lat' dir='ltr'><strong>cepis</strong></span> <span class='ocrx_word' id='word_1_175' title='bbox 1446 1362 1690 1406; x_wconf 73' lang='lat' dir='ltr'><strong>delectatur,</strong></span> 
     </span>
    </p>

    <p class='ocr_par' dir='ltr' id='par_1_10' title="bbox 99 1428 1694 1489">
     <span class='ocr_line' id='line_1_22' title="bbox 99 1428 1694 1489; baseline -0.004 -12"><span class='ocrx_word' id='word_1_176' title='bbox 99 1447 139 1480; x_wconf 85' lang='lat' dir='ltr'><strong>v.</strong></span> <span class='ocrx_word' id='word_1_177' title='bbox 169 1434 249 1477; x_wconf 90' lang='lat'><strong>173</strong></span> <span class='ocrx_word' id='word_1_178' title='bbox 279 1434 336 1488; x_wconf 86' lang='lat'><strong>(5,</strong></span> <span class='ocrx_word' id='word_1_179' title='bbox 367 1434 456 1486; x_wconf 88' lang='grc'>23);</span> <span class='ocrx_word' id='word_1_180' title='bbox 487 1433 654 1489; x_wconf 87' lang='lat' dir='ltr'><strong>„lippus</strong></span> <span class='ocrx_word' id='word_1_181' title='bbox 685 1433 850 1476; x_wconf 88' lang='lat' dir='ltr'><strong>edenda</strong></span> <span class='ocrx_word' id='word_1_182' title='bbox 878 1434 965 1476; x_wconf 89' lang='lat' dir='ltr'><strong>acri</strong></span> <span class='ocrx_word' id='word_1_183' title='bbox 994 1432 1167 1476; x_wconf 89' lang='lat' dir='ltr'><strong>assiduo</strong></span> <span class='ocrx_word' id='word_1_184' title='bbox 1197 1431 1376 1487; x_wconf 85' lang='lat' dir='ltr'><strong>cepariu’</strong></span> <span class='ocrx_word' id='word_1_185' title='bbox 1417 1431 1563 1486; x_wconf 87' lang='lat' dir='ltr'><strong>eepa“.</strong></span> <span class='ocrx_word' id='word_1_186' title='bbox 1622 1428 1694 1472; x_wconf 90' lang='lat' dir='ltr'><strong>Sic</strong></span> 
     </span>
    </p>

    <p class='ocr_par' dir='ltr' id='par_1_11' title="bbox 0 1497 1698 2359">
     <span class='ocr_line' id='line_1_23' title="bbox 0 1497 1693 1596; baseline -0.002 -55"><span class='ocrx_word' id='word_1_187' title='bbox 0 1510 26 1596; x_wconf 47' lang='lat' dir='ltr'><strong>K,</strong></span> <span class='ocrx_word' id='word_1_188' title='bbox 61 1537 66 1541; x_wconf 91' lang='lat'><strong>.</strong></span> <span class='ocrx_word' id='word_1_189' title='bbox 97 1500 228 1546; x_wconf 83' lang='lat' dir='ltr'><strong>Prisc.</strong></span> <span class='ocrx_word' id='word_1_190' title='bbox 258 1515 300 1556; x_wconf 90' lang='lat' dir='ltr'><strong>p.</strong></span> <span class='ocrx_word' id='word_1_191' title='bbox 329 1500 424 1543; x_wconf 85' lang='grc'>681.</span> <span class='ocrx_word' id='word_1_192' title='bbox 499 1499 574 1542; x_wconf 84' lang='lat' dir='ltr'><strong>Cui</strong></span> <span class='ocrx_word' id='word_1_193' title='bbox 610 1500 749 1542; x_wconf 85' lang='lat' dir='ltr'><strong>versui</strong></span> <span class='ocrx_word' id='word_1_194' title='bbox 785 1514 877 1543; x_wconf 91' lang='lat' dir='ltr'><strong>cum</strong></span> <span class='ocrx_word' id='word_1_195' title='bbox 911 1501 1017 1543; x_wconf 85' lang='lat' dir='ltr'><strong>Non.</strong></span> <span class='ocrx_word' id='word_1_196' title='bbox 1054 1514 1094 1555; x_wconf 88' lang='lat' dir='ltr'><strong>p.</strong></span> <span class='ocrx_word' id='word_1_197' title='bbox 1124 1499 1219 1552; x_wconf 87' lang='grc'>201,</span> <span class='ocrx_word' id='word_1_198' title='bbox 1254 1499 1279 1540; x_wconf 84' lang='grc'>8</span> <span class='ocrx_word' id='word_1_199' title='bbox 1308 1497 1575 1554; x_wconf 79' lang='lat' dir='ltr'><strong>adjunxisset</strong></span> <span class='ocrx_word' id='word_1_200' title='bbox 1602 1509 1693 1538; x_wconf 87' lang='lat' dir='ltr'><strong>voc.</strong></span> 
     </span>
     <span class='ocr_line' id='line_1_24' title="bbox 0 1563 1692 1628; baseline -0.004 -17"><span class='ocrx_word' id='word_1_201' title='bbox 0 1591 10 1628; x_wconf 59' lang='grc'><strong>1</strong></span> <span class='ocrx_word' id='word_1_202' title='bbox 98 1567 390 1623; x_wconf 57' lang='lat' dir='ltr'><strong>,unx-imosa‘g</strong></span> <span class='ocrx_word' id='word_1_203' title='bbox 419 1567 630 1609; x_wconf 87' lang='lat' dir='ltr'><strong>Mereerus</strong></span> <span class='ocrx_word' id='word_1_204' title='bbox 666 1567 834 1610; x_wconf 90' lang='lat' dir='ltr'><strong>omnino</strong></span> <span class='ocrx_word' id='word_1_205' title='bbox 871 1567 1003 1609; x_wconf 88' lang='lat' dir='ltr'><strong>omitti</strong></span> <span class='ocrx_word' id='word_1_206' title='bbox 1038 1565 1221 1608; x_wconf 88' lang='lat' dir='ltr'><strong>malebat</strong></span> <span class='ocrx_word' id='word_1_207' title='bbox 1252 1578 1401 1607; x_wconf 84' lang='lat' dir='ltr'><strong>vocem</strong></span> <span class='ocrx_word' id='word_1_208' title='bbox 1430 1563 1692 1619; x_wconf 85' lang='lat' dir='ltr'><strong>„ceparius“.</strong></span> 
     </span>
     <span class='ocr_line' id='line_1_25' title="bbox 0 1629 1692 1701; baseline -0.004 -23"><span class='ocrx_word' id='word_1_209' title='bbox 0 1630 14 1701; x_wconf 71' lang='grc' dir='ltr'><strong><em>ξ</em></strong></span> <span class='ocrx_word' id='word_1_210' title='bbox 100 1635 257 1679; x_wconf 81' lang='lat' dir='ltr'><strong>Contra</strong></span> <span class='ocrx_word' id='word_1_211' title='bbox 284 1634 432 1677; x_wconf 87' lang='lat' dir='ltr'><strong>Junius</strong></span> <span class='ocrx_word' id='word_1_212' title='bbox 461 1638 575 1676; x_wconf 89' lang='lat' dir='ltr'><strong>recte</strong></span> <span class='ocrx_word' id='word_1_213' title='bbox 595 1647 684 1676; x_wconf 86' lang='lat' dir='ltr'><strong>voc.</strong></span> <span class='ocrx_word' id='word_1_214' title='bbox 707 1633 985 1687; x_wconf 87' lang='lat' dir='ltr'><strong>„lacrimosa,‚</strong></span> <span class='ocrx_word' id='word_1_215' title='bbox 1010 1633 1139 1688; x_wconf 88' lang='lat' dir='ltr'><strong>jussit</strong></span> <span class='ocrx_word' id='word_1_216' title='bbox 1164 1631 1310 1685; x_wconf 88' lang='lat' dir='ltr'><strong>deleri,</strong></span> <span class='ocrx_word' id='word_1_217' title='bbox 1350 1645 1443 1673; x_wconf 92' lang='lat' dir='ltr'><strong>cum</strong></span> <span class='ocrx_word' id='word_1_218' title='bbox 1470 1629 1692 1672; x_wconf 89' lang='lat' dir='ltr'><strong>manifesto</strong></span> 
     </span>
     <span class='ocr_line' id='line_1_26' title="bbox 0 1693 1694 1758; baseline -0.004 -13"><span class='ocrx_word' id='word_1_219' title='bbox 0 1693 30 1758; x_wconf 46' lang='lat'><strong>{⁸-</strong></span> <span class='ocrx_word' id='word_1_220' title='bbox 85 1706 157 1746; x_wconf 71' lang='lat' dir='ltr'><strong>&#39;ex</strong></span> <span class='ocrx_word' id='word_1_221' title='bbox 187 1700 378 1758; x_wconf 88' lang='lat' dir='ltr'><strong>ejusdem</strong></span> <span class='ocrx_word' id='word_1_222' title='bbox 405 1700 499 1743; x_wconf 89' lang='lat' dir='ltr'><strong>libri</strong></span> <span class='ocrx_word' id='word_1_223' title='bbox 527 1713 654 1743; x_wconf 88' lang='lat' dir='ltr'><strong>versu</strong></span> <span class='ocrx_word' id='word_1_224' title='bbox 687 1701 765 1742; x_wconf 81' lang='lat'><strong>163</strong></span> <span class='ocrx_word' id='word_1_225' title='bbox 794 1701 850 1755; x_wconf 80' lang='lat'><strong>(5,</strong></span> <span class='ocrx_word' id='word_1_226' title='bbox 881 1700 963 1753; x_wconf 90' lang='grc'>22),</span> <span class='ocrx_word' id='word_1_227' title='bbox 995 1713 1117 1754; x_wconf 82' lang='grc'>(1110111</span> <span class='ocrx_word' id='word_1_228' title='bbox 1137 1699 1192 1741; x_wconf 88' lang='lat' dir='ltr'><strong>M.</strong></span> <span class='ocrx_word' id='word_1_229' title='bbox 1216 1699 1312 1754; x_wconf 85' lang='lat' dir='ltr'><strong>jure</strong></span> <span class='ocrx_word' id='word_1_230' title='bbox 1341 1697 1572 1751; x_wconf 88' lang='lat' dir='ltr'><strong>meritoque</strong></span> <span class='ocrx_word' id='word_1_231' title='bbox 1602 1710 1694 1739; x_wconf 90' lang='lat' dir='ltr'><strong>cum</strong></span> 
     </span>
     <span class='ocr_line' id='line_1_27' title="bbox 0 1763 1695 1821; baseline -0.004 -10"><span class='ocrx_word' id='word_1_232' title='bbox 0 1764 3 1777; x_wconf 79' lang='lat'><em>&#39;</em></span> <span class='ocrx_word' id='word_1_233' title='bbox 102 1782 143 1812; x_wconf 84' lang='lat' dir='ltr'><strong>v.</strong></span> <span class='ocrx_word' id='word_1_234' title='bbox 181 1769 261 1810; x_wconf 91' lang='lat'><strong>173</strong></span> <span class='ocrx_word' id='word_1_235' title='bbox 297 1768 353 1821; x_wconf 93' lang='grc'><strong>(5,</strong></span> <span class='ocrx_word' id='word_1_236' title='bbox 388 1767 474 1820; x_wconf 86' lang='grc'>23),</span> <span class='ocrx_word' id='word_1_237' title='bbox 513 1765 566 1808; x_wconf 89' lang='grc'><strong>(10</strong></span> <span class='ocrx_word' id='word_1_238' title='bbox 603 1779 684 1821; x_wconf 87' lang='grc'>(1110</span> <span class='ocrx_word' id='word_1_239' title='bbox 720 1765 868 1821; x_wconf 87' lang='lat' dir='ltr'><strong>agitur,</strong></span> <span class='ocrx_word' id='word_1_240' title='bbox 906 1765 1152 1821; x_wconf 83' lang='lat' dir='ltr'><strong>composuit,</strong></span> <span class='ocrx_word' id='word_1_241' title='bbox 1181 1764 1284 1807; x_wconf 88' lang='lat' dir='ltr'><strong>illud</strong></span> <span class='ocrx_word' id='word_1_242' title='bbox 1313 1777 1402 1807; x_wconf 84' lang='lat' dir='ltr'><strong>voe.</strong></span> <span class='ocrx_word' id='word_1_243' title='bbox 1435 1763 1695 1806; x_wconf 87' lang='lat' dir='ltr'><strong>librariorum</strong></span> 
     </span>
     <span class='ocr_line' id='line_1_28' title="bbox 101 1830 1694 1885; baseline -0.004 -6"><span class='ocrx_word' id='word_1_244' title='bbox 101 1835 204 1879; x_wconf 82' lang='lat' dir='ltr'><strong>vitio</strong></span> <span class='ocrx_word' id='word_1_245' title='bbox 221 1834 266 1877; x_wconf 89' lang='lat' dir='ltr'><strong>in</strong></span> <span class='ocrx_word' id='word_1_246' title='bbox 285 1838 472 1876; x_wconf 88' lang='lat' dir='ltr'><strong>nostrum</strong></span> <span class='ocrx_word' id='word_1_247' title='bbox 491 1838 718 1876; x_wconf 87' lang='lat' dir='ltr'><strong>manasset.</strong></span> <span class='ocrx_word' id='word_1_248' title='bbox 793 1832 914 1883; x_wconf 84' lang='lat' dir='ltr'><strong>Quod</strong></span> <span class='ocrx_word' id='word_1_249' title='bbox 934 1832 1081 1875; x_wconf 88' lang='lat' dir='ltr'><strong>attinet</strong></span> <span class='ocrx_word' id='word_1_250' title='bbox 1107 1831 1163 1874; x_wconf 92' lang='lat' dir='ltr'><strong>ad</strong></span> <span class='ocrx_word' id='word_1_251' title='bbox 1184 1845 1367 1885; x_wconf 88' lang='lat' dir='ltr'><strong>sensum,</strong></span> <span class='ocrx_word' id='word_1_252' title='bbox 1388 1830 1420 1871; x_wconf 86' lang='lat' dir='ltr'>F</span> <span class='ocrx_word' id='word_1_253' title='bbox 1424 1830 1694 1873; x_wconf 86' lang='lat' dir='ltr'><strong>ranckenium</strong></span> 
     </span>
     <span class='ocr_line' id='line_1_29' title="bbox 103 1896 1696 1958; baseline -0.003 -14"><span class='ocrx_word' id='word_1_254' title='bbox 103 1901 151 1955; x_wconf 90' lang='lat' dir='ltr'><strong>(l.</strong></span> <span class='ocrx_word' id='word_1_255' title='bbox 181 1900 209 1944; x_wconf 86' lang='lat' dir='ltr'><strong>l.</strong></span> <span class='ocrx_word' id='word_1_256' title='bbox 239 1915 281 1958; x_wconf 90' lang='lat' dir='ltr'><strong>p.</strong></span> <span class='ocrx_word' id='word_1_257' title='bbox 310 1901 409 1954; x_wconf 88' lang='grc'>258)</span> <span class='ocrx_word' id='word_1_258' title='bbox 419 1896 438 1955; x_wconf 65' lang='grc'><strong>,’</strong></span> <span class='ocrx_word' id='word_1_259' title='bbox 462 1900 531 1955; x_wconf 87' lang='grc'>(1111</span> <span class='ocrx_word' id='word_1_260' title='bbox 560 1900 827 1956; x_wconf 89' lang='lat' dir='ltr'><strong>proverbium</strong></span> <span class='ocrx_word' id='word_1_261' title='bbox 857 1912 951 1941; x_wconf 86' lang='lat' dir='ltr'><strong>esse</strong></span> <span class='ocrx_word' id='word_1_262' title='bbox 983 1899 1193 1941; x_wconf 80' lang='lat' dir='ltr'><strong>existimet</strong></span> <span class='ocrx_word' id='word_1_263' title='bbox 1222 1897 1376 1940; x_wconf 86' lang='lat' dir='ltr'><strong>dictum</strong></span> <span class='ocrx_word' id='word_1_264' title='bbox 1414 1898 1456 1939; x_wconf 91' lang='lat' dir='ltr'><strong>in</strong></span> <span class='ocrx_word' id='word_1_265' title='bbox 1492 1911 1586 1949; x_wconf 88' lang='lat' dir='ltr'><strong>eos,</strong></span> <span class='ocrx_word' id='word_1_266' title='bbox 1626 1899 1696 1953; x_wconf 87' lang='lat' dir='ltr'><strong>qui</strong></span> 
     </span>
     <span class='ocr_line' id='line_1_30' title="bbox 104 1964 1694 2021; baseline -0.004 -9"><span class='ocrx_word' id='word_1_267' title='bbox 104 1968 160 2012; x_wconf 91' lang='lat' dir='ltr'><strong>de</strong></span> <span class='ocrx_word' id='word_1_268' title='bbox 186 1967 389 2012; x_wconf 87' lang='lat' dir='ltr'><strong>molestiis</strong></span> <span class='ocrx_word' id='word_1_269' title='bbox 418 1967 601 2010; x_wconf 89' lang='lat' dir='ltr'><strong>muneris</strong></span> <span class='ocrx_word' id='word_1_270' title='bbox 632 1970 949 2021; x_wconf 87' lang='lat' dir='ltr'><strong>conquerantur,</strong></span> <span class='ocrx_word' id='word_1_271' title='bbox 982 1966 1050 2008; x_wconf 87' lang='lat' dir='ltr'><strong>hic</strong></span> <span class='ocrx_word' id='word_1_272' title='bbox 1079 1970 1124 2008; x_wconf 94' lang='lat' dir='ltr'><strong>ut</strong></span> <span class='ocrx_word' id='word_1_273' title='bbox 1152 1965 1320 2021; x_wconf 88' lang='lat' dir='ltr'><strong>saepius</strong></span> <span class='ocrx_word' id='word_1_274' title='bbox 1351 1964 1550 2007; x_wconf 89' lang='lat' dir='ltr'><strong>hariolari</strong></span> <span class='ocrx_word' id='word_1_275' title='bbox 1579 1969 1694 2007; x_wconf 90' lang='lat' dir='ltr'><strong>ratus</strong></span> 
     </span>
     <span class='ocr_line' id='line_1_31' title="bbox 105 2031 1695 2091; baseline -0.004 -12"><span class='ocrx_word' id='word_1_276' title='bbox 105 2035 243 2091; x_wconf 79' lang='lat' dir='ltr'><strong>magis</strong></span> <span class='ocrx_word' id='word_1_277' title='bbox 287 2035 501 2078; x_wconf 81' lang='lat' dir='ltr'><strong>Gessnero</strong></span> <span class='ocrx_word' id='word_1_278' title='bbox 545 2033 646 2087; x_wconf 88' lang='lat' dir='ltr'><strong>(vid.</strong></span> <span class='ocrx_word' id='word_1_279' title='bbox 691 2034 895 2076; x_wconf 88' lang='lat' dir='ltr'><strong>Thesaur.</strong></span> <span class='ocrx_word' id='word_1_280' title='bbox 948 2048 981 2076; x_wconf 91' lang='grc'>8.</span> <span class='ocrx_word' id='word_1_281' title='bbox 1027 2033 1067 2075; x_wconf 89' lang='lat' dir='ltr'><strong>h.</strong></span> <span class='ocrx_word' id='word_1_282' title='bbox 1113 2032 1171 2087; x_wconf 85' lang='lat' dir='ltr'><strong>v.)</strong></span> <span class='ocrx_word' id='word_1_283' title='bbox 1219 2031 1447 2084; x_wconf 83' lang='lat' dir='ltr'><strong>assentiar,</strong></span> <span class='ocrx_word' id='word_1_284' title='bbox 1492 2031 1562 2086; x_wconf 81' lang='lat' dir='ltr'><strong>qui</strong></span> <span class='ocrx_word' id='word_1_285' title='bbox 1604 2045 1695 2074; x_wconf 91' lang='lat' dir='ltr'><strong>cum</strong></span> 
     </span>
     <span class='ocr_line' id='line_1_32' title="bbox 106 2098 1696 2158; baseline -0.004 -12"><span class='ocrx_word' id='word_1_286' title='bbox 106 2101 330 2158; x_wconf 86' lang='lat' dir='ltr'><strong>„Ceparii“</strong></span> <span class='ocrx_word' id='word_1_287' title='bbox 359 2102 588 2157; x_wconf 83' lang='lat' dir='ltr'><strong>cognomis,</strong></span> <span class='ocrx_word' id='word_1_288' title='bbox 617 2100 728 2155; x_wconf 90' lang='lat' dir='ltr'><strong>quod</strong></span> <span class='ocrx_word' id='word_1_289' title='bbox 756 2106 906 2156; x_wconf 86' lang='lat' dir='ltr'><strong>postea</strong></span> <span class='ocrx_word' id='word_1_290' title='bbox 927 2099 1011 2142; x_wconf 89' lang='lat' dir='ltr'><strong>Cic.</strong></span> <span class='ocrx_word' id='word_1_291' title='bbox 1041 2098 1097 2142; x_wconf 89' lang='lat' dir='ltr'><strong>ad</strong></span> <span class='ocrx_word' id='word_1_292' title='bbox 1125 2098 1210 2141; x_wconf 89' lang='lat' dir='ltr'><strong>fam</strong></span> <span class='ocrx_word' id='word_1_293' title='bbox 1239 2099 1276 2150; x_wconf 81' lang='lat'><strong>9,</strong></span> <span class='ocrx_word' id='word_1_294' title='bbox 1304 2099 1359 2141; x_wconf 86' lang='grc'><strong>23</strong></span> <span class='ocrx_word' id='word_1_295' title='bbox 1388 2104 1429 2141; x_wconf 84' lang='lat' dir='ltr'><strong>et</strong></span> <span class='ocrx_word' id='word_1_296' title='bbox 1451 2098 1571 2141; x_wconf 84' lang='lat' dir='ltr'><strong>Catil.</strong></span> <span class='ocrx_word' id='word_1_297' title='bbox 1600 2099 1639 2152; x_wconf 88' lang='lat'><strong>3,</strong></span> <span class='ocrx_word' id='word_1_298' title='bbox 1670 2100 1696 2141; x_wconf 88' lang='lat'>6</span> 
     </span>
     <span class='ocr_line' id='line_1_33' title="bbox 106 2164 1693 2223; baseline -0.003 -11"><span class='ocrx_word' id='word_1_299' title='bbox 106 2172 320 2223; x_wconf 84' lang='lat' dir='ltr'><strong>memorat,</strong></span> <span class='ocrx_word' id='word_1_300' title='bbox 350 2168 556 2223; x_wconf 87' lang='lat' dir='ltr'><strong>originem</strong></span> <span class='ocrx_word' id='word_1_301' title='bbox 586 2168 666 2210; x_wconf 89' lang='lat' dir='ltr'><strong>hoc</strong></span> <span class='ocrx_word' id='word_1_302' title='bbox 694 2180 820 2209; x_wconf 89' lang='lat' dir='ltr'><strong>versu</strong></span> <span class='ocrx_word' id='word_1_303' title='bbox 847 2181 873 2209; x_wconf 90' lang='lat' dir='ltr'><strong>a</strong></span> <span class='ocrx_word' id='word_1_304' title='bbox 893 2165 1053 2208; x_wconf 91' lang='lat' dir='ltr'><strong>Lucilio</strong></span> <span class='ocrx_word' id='word_1_305' title='bbox 1075 2165 1230 2221; x_wconf 78' lang='lat' dir='ltr'><strong>exponi</strong></span> <span class='ocrx_word' id='word_1_306' title='bbox 1259 2169 1443 2220; x_wconf 89' lang='lat' dir='ltr'><strong>censeat,</strong></span> <span class='ocrx_word' id='word_1_307' title='bbox 1463 2164 1693 2219; x_wconf 85' lang='lat' dir='ltr'><strong>„videtur“,</strong></span> 
     </span>
     <span class='ocr_line' id='line_1_34' title="bbox 107 2232 1697 2290; baseline -0.003 -12"><span class='ocrx_word' id='word_1_308' title='bbox 107 2235 251 2290; x_wconf 89' lang='lat' dir='ltr'><strong>inquit,</strong></span> <span class='ocrx_word' id='word_1_309' title='bbox 287 2234 493 2289; x_wconf 88' lang='lat' dir='ltr'><strong>„nominis</strong></span> <span class='ocrx_word' id='word_1_310' title='bbox 527 2234 649 2290; x_wconf 88' lang='lat' dir='ltr'><strong>hujus</strong></span> <span class='ocrx_word' id='word_1_311' title='bbox 685 2234 890 2276; x_wconf 89' lang='lat' dir='ltr'><strong>rationem</strong></span> <span class='ocrx_word' id='word_1_312' title='bbox 926 2232 1105 2275; x_wconf 86' lang='lat' dir='ltr'><strong>reddere</strong></span> <span class='ocrx_word' id='word_1_313' title='bbox 1134 2232 1331 2286; x_wconf 77' lang='lat' dir='ltr'><strong>Lucilius,</strong></span> <span class='ocrx_word' id='word_1_314' title='bbox 1368 2236 1412 2274; x_wconf 93' lang='lat' dir='ltr'><strong>ut</strong></span> <span class='ocrx_word' id='word_1_315' title='bbox 1441 2232 1511 2286; x_wconf 89' lang='lat' dir='ltr'><strong>qui</strong></span> <span class='ocrx_word' id='word_1_316' title='bbox 1539 2232 1697 2288; x_wconf 88' lang='lat' dir='ltr'><strong>primus</strong></span> 
     </span>
     <span class='ocr_line' id='line_1_35' title="bbox 106 2297 1698 2359; baseline -0.002 -14"><span class='ocrx_word' id='word_1_317' title='bbox 106 2305 258 2359; x_wconf 85' lang='lat' dir='ltr'><strong>postea</strong></span> <span class='ocrx_word' id='word_1_318' title='bbox 284 2300 364 2344; x_wconf 92' lang='grc'>1100</span> <span class='ocrx_word' id='word_1_319' title='bbox 392 2314 545 2343; x_wconf 88' lang='lat' dir='ltr'><strong>nomen</strong></span> <span class='ocrx_word' id='word_1_320' title='bbox 573 2301 677 2353; x_wconf 83' lang='lat' dir='ltr'><strong>tulit,</strong></span> <span class='ocrx_word' id='word_1_321' title='bbox 707 2300 840 2354; x_wconf 88' lang='lat' dir='ltr'><strong>primo</strong></span> <span class='ocrx_word' id='word_1_322' title='bbox 861 2299 993 2342; x_wconf 88' lang='lat' dir='ltr'><strong>dietus</strong></span> <span class='ocrx_word' id='word_1_323' title='bbox 1016 2300 1089 2342; x_wconf 88' lang='lat' dir='ltr'><strong>sit:</strong></span> <span class='ocrx_word' id='word_1_324' title='bbox 1110 2299 1247 2355; x_wconf 91' lang='lat' dir='ltr'><strong>lippus</strong></span> <span class='ocrx_word' id='word_1_325' title='bbox 1269 2297 1435 2340; x_wconf 88' lang='lat' dir='ltr'><strong>edenda</strong></span> <span class='ocrx_word' id='word_1_326' title='bbox 1453 2298 1541 2340; x_wconf 89' lang='lat' dir='ltr'><strong>aeri</strong></span> <span class='ocrx_word' id='word_1_327' title='bbox 1562 2332 1572 2340; x_wconf 90' lang='lat'><strong>.</strong></span> <span class='ocrx_word' id='word_1_328' title='bbox 1595 2331 1605 2340; x_wconf 92' lang='lat'><strong>.</strong></span> <span class='ocrx_word' id='word_1_329' title='bbox 1627 2334 1636 2342; x_wconf 96' lang='lat'><strong>.</strong></span> <span class='ocrx_word' id='word_1_330' title='bbox 1659 2300 1698 2342; x_wconf 88' lang='lat'><strong>.“</strong></span> 
     </span>
    </p>
   </div>
   <div class='ocr_carea' id='block_1_8' title="bbox 110 2387 1698 2710">
    <p class='ocr_par' dir='ltr' id='par_1_12' title="bbox 110 2387 1698 2710">
     <span class='ocr_line' id='line_1_36' title="bbox 218 2387 1697 2442; baseline -0.001 -10"><span class='ocrx_word' id='word_1_331' title='bbox 218 2388 490 2432; x_wconf 83' lang='lat' dir='ltr'><strong>mixtarius</strong></span> <span class='ocrx_word' id='word_1_332' title='bbox 510 2387 550 2431; x_wconf 91' lang='lat' dir='ltr'><strong>h.</strong></span> <span class='ocrx_word' id='word_1_333' title='bbox 574 2401 609 2430; x_wconf 86' lang='lat' dir='ltr'><strong>e.</strong></span> <span class='ocrx_word' id='word_1_334' title='bbox 631 2402 721 2442; x_wconf 89' lang='lat' dir='ltr'><strong>vas,</strong></span> <span class='ocrx_word' id='word_1_335' title='bbox 743 2401 823 2442; x_wconf 85' lang='lat' dir='ltr'><strong>quo</strong></span> <span class='ocrx_word' id='word_1_336' title='bbox 843 2388 1041 2430; x_wconf 85' lang='lat' dir='ltr'><strong>miscetur</strong></span> <span class='ocrx_word' id='word_1_337' title='bbox 1061 2388 1202 2431; x_wconf 88' lang='lat' dir='ltr'><strong>vinum</strong></span> <span class='ocrx_word' id='word_1_338' title='bbox 1222 2401 1346 2441; x_wconf 87' lang='lat' dir='ltr'><strong>aqua,</strong></span> <span class='ocrx_word' id='word_1_339' title='bbox 1366 2401 1405 2429; x_wconf 79' lang='lat' dir='ltr'><strong>v,</strong></span> <span class='ocrx_word' id='word_1_340' title='bbox 1429 2387 1509 2430; x_wconf 83' lang='lat'><strong>190</strong></span> <span class='ocrx_word' id='word_1_341' title='bbox 1528 2388 1585 2442; x_wconf 81' lang='lat'><strong>(5,</strong></span> <span class='ocrx_word' id='word_1_342' title='bbox 1605 2389 1697 2441; x_wconf 78' lang='lat'><strong>33):</strong></span> 
     </span>
     <span class='ocr_line' id='line_1_37' title="bbox 110 2453 1698 2511; baseline -0.003 -11"><span class='ocrx_word' id='word_1_343' title='bbox 110 2470 284 2511; x_wconf 85' lang='lat' dir='ltr'><strong>„urceus</strong></span> <span class='ocrx_word' id='word_1_344' title='bbox 313 2460 386 2498; x_wconf 87' lang='lat' dir='ltr'><strong>aut</strong></span> <span class='ocrx_word' id='word_1_345' title='bbox 412 2455 561 2510; x_wconf 90' lang='lat' dir='ltr'><strong>longus</strong></span> <span class='ocrx_word' id='word_1_346' title='bbox 590 2455 757 2510; x_wconf 86' lang='lat' dir='ltr'><strong>gemina</strong></span> <span class='ocrx_word' id='word_1_347' title='bbox 779 2455 996 2497; x_wconf 80' lang='lat' dir='ltr'><strong>mixtarius</strong></span> <span class='ocrx_word' id='word_1_348' title='bbox 1017 2456 1157 2502; x_wconf 87' lang='lat' dir='ltr'><strong>aure“‚</strong></span> <span class='ocrx_word' id='word_1_349' title='bbox 1180 2453 1291 2509; x_wconf 89' lang='lat' dir='ltr'><strong>quod</strong></span> <span class='ocrx_word' id='word_1_350' title='bbox 1309 2460 1438 2507; x_wconf 85' lang='lat' dir='ltr'><strong>recte,</strong></span> <span class='ocrx_word' id='word_1_351' title='bbox 1458 2458 1503 2496; x_wconf 92' lang='lat' dir='ltr'><strong>ut</strong></span> <span class='ocrx_word' id='word_1_352' title='bbox 1522 2454 1698 2509; x_wconf 86' lang='lat' dir='ltr'><strong>videtur,</strong></span> 
     </span>
     <span class='ocr_line' id='line_1_38' title="bbox 110 2521 1697 2580; baseline -0.001 -14"><span class='ocrx_word' id='word_1_353' title='bbox 110 2523 304 2580; x_wconf 86' lang='lat' dir='ltr'><strong>,‚paulo“,</strong></span> <span class='ocrx_word' id='word_1_354' title='bbox 334 2521 445 2578; x_wconf 90' lang='lat' dir='ltr'><strong>quod</strong></span> <span class='ocrx_word' id='word_1_355' title='bbox 475 2521 594 2565; x_wconf 90' lang='lat' dir='ltr'><strong>codd.</strong></span> <span class='ocrx_word' id='word_1_356' title='bbox 617 2521 830 2574; x_wconf 78' lang='lat' dir='ltr'><strong>exhibent,</strong></span> <span class='ocrx_word' id='word_1_357' title='bbox 859 2522 902 2563; x_wconf 93' lang='lat' dir='ltr'><strong>in</strong></span> <span class='ocrx_word' id='word_1_358' title='bbox 923 2523 1078 2576; x_wconf 86' lang='lat' dir='ltr'><strong>,‚aure“</strong></span> <span class='ocrx_word' id='word_1_359' title='bbox 1097 2525 1253 2563; x_wconf 88' lang='lat' dir='ltr'><strong>mutato</strong></span> <span class='ocrx_word' id='word_1_360' title='bbox 1273 2521 1327 2562; x_wconf 90' lang='lat' dir='ltr'><strong>M.</strong></span> <span class='ocrx_word' id='word_1_361' title='bbox 1349 2522 1515 2575; x_wconf 87' lang='lat' dir='ltr'><strong>(comm.</strong></span> <span class='ocrx_word' id='word_1_362' title='bbox 1537 2536 1576 2577; x_wconf 94' lang='lat' dir='ltr'><strong>p.</strong></span> <span class='ocrx_word' id='word_1_363' title='bbox 1598 2523 1697 2574; x_wconf 85' lang='grc'>213)</span> 
     </span>
     <span class='ocr_line' id='line_1_39' title="bbox 110 2587 1698 2643; baseline -0.002 -10"><span class='ocrx_word' id='word_1_364' title='bbox 110 2590 182 2643; x_wconf 78' lang='lat' dir='ltr'><strong>ita,</strong></span> <span class='ocrx_word' id='word_1_365' title='bbox 215 2596 261 2632; x_wconf 89' lang='lat' dir='ltr'><strong>ut</strong></span> <span class='ocrx_word' id='word_1_366' title='bbox 286 2589 521 2632; x_wconf 84' lang='lat' dir='ltr'><strong>mixtarium</strong></span> <span class='ocrx_word' id='word_1_367' title='bbox 557 2591 713 2633; x_wconf 82' lang='grc' dir='ltr'><em>δίωτον</em></span> <span class='ocrx_word' id='word_1_368' title='bbox 748 2588 775 2629; x_wconf 89' lang='grc'><strong>1.</strong></span> <span class='ocrx_word' id='word_1_369' title='bbox 820 2601 855 2631; x_wconf 87' lang='grc'><strong>0.</strong></span> <span class='ocrx_word' id='word_1_370' title='bbox 900 2588 1004 2631; x_wconf 85' lang='lat' dir='ltr'><strong>duas</strong></span> <span class='ocrx_word' id='word_1_371' title='bbox 1041 2588 1263 2631; x_wconf 88' lang='lat' dir='ltr'><strong>habentem</strong></span> <span class='ocrx_word' id='word_1_372' title='bbox 1298 2600 1426 2630; x_wconf 87' lang='lat' dir='ltr'><strong>ansas</strong></span> <span class='ocrx_word' id='word_1_373' title='bbox 1468 2602 1496 2630; x_wconf 89' lang='lat' dir='ltr'><strong>a</strong></span> <span class='ocrx_word' id='word_1_374' title='bbox 1537 2587 1698 2630; x_wconf 90' lang='lat' dir='ltr'><strong>Lucilio</strong></span> 
     </span>
     <span class='ocr_line' id='line_1_40' title="bbox 112 2655 876 2710; baseline -0.001 -11"><span class='ocrx_word' id='word_1_375' title='bbox 112 2655 286 2710; x_wconf 82' lang='lat' dir='ltr'><strong>intelligi</strong></span> <span class='ocrx_word' id='word_1_376' title='bbox 314 2655 567 2699; x_wconf 90' lang='lat' dir='ltr'><strong>credendum</strong></span> <span class='ocrx_word' id='word_1_377' title='bbox 598 2657 662 2706; x_wconf 89' lang='lat' dir='ltr'><strong>sit,</strong></span> <span class='ocrx_word' id='word_1_378' title='bbox 694 2655 876 2710; x_wconf 83' lang='lat' dir='ltr'><strong>exponit.</strong></span> 
     </span>
    </p>
   </div>
   <div class='ocr_carea' id='block_1_9' title="bbox 0 2742 1700 3008">
    <p class='ocr_par' dir='ltr' id='par_1_13' title="bbox 225 2742 1700 2799">
     <span class='ocr_line' id='line_1_41' title="bbox 225 2742 1700 2799; baseline 0 -13"><span class='ocrx_word' id='word_1_379' title='bbox 225 2744 592 2799; x_wconf 85' lang='lat' dir='ltr'><strong>scripturarius</strong></span> <span class='ocrx_word' id='word_1_380' title='bbox 622 2758 661 2785; x_wconf 83' lang='lat' dir='ltr'><strong>v.</strong></span> <span class='ocrx_word' id='word_1_381' title='bbox 691 2744 772 2786; x_wconf 77' lang='lat'><strong>527</strong></span> <span class='ocrx_word' id='word_1_382' title='bbox 804 2744 887 2797; x_wconf 79' lang='grc'>(26,</span> <span class='ocrx_word' id='word_1_383' title='bbox 926 2744 1013 2795; x_wconf 75' lang='grc'>16);</span> <span class='ocrx_word' id='word_1_384' title='bbox 1049 2742 1318 2798; x_wconf 83' lang='lat' dir='ltr'><strong>„publicanus</strong></span> <span class='ocrx_word' id='word_1_385' title='bbox 1355 2756 1455 2786; x_wconf 86' lang='lat' dir='ltr'><strong>vero</strong></span> <span class='ocrx_word' id='word_1_386' title='bbox 1492 2749 1535 2786; x_wconf 93' lang='lat' dir='ltr'><strong>ut</strong></span> <span class='ocrx_word' id='word_1_387' title='bbox 1570 2743 1700 2786; x_wconf 84' lang='lat' dir='ltr'><strong>Asiae</strong></span> 
     </span>
    </p>

    <p class='ocr_par' dir='ltr' id='par_1_14' title="bbox 113 2809 1700 2932">
     <span class='ocr_line' id='line_1_42' title="bbox 113 2809 1696 2866; baseline -0.001 -13"><span class='ocrx_word' id='word_1_388' title='bbox 113 2810 232 2865; x_wconf 79' lang='lat' dir='ltr'><strong>fiam,</strong></span> <span class='ocrx_word' id='word_1_389' title='bbox 277 2815 323 2853; x_wconf 90' lang='lat' dir='ltr'><strong>ut</strong></span> <span class='ocrx_word' id='word_1_390' title='bbox 370 2810 679 2866; x_wconf 87' lang='lat' dir='ltr'><strong>scripturarius,</strong></span> <span class='ocrx_word' id='word_1_391' title='bbox 727 2823 802 2865; x_wconf 89' lang='lat' dir='ltr'><strong>pro</strong></span> <span class='ocrx_word' id='word_1_392' title='bbox 851 2809 1009 2852; x_wconf 90' lang='lat' dir='ltr'><strong>Lucilio</strong></span> <span class='ocrx_word' id='word_1_393' title='bbox 1058 2809 1101 2851; x_wconf 90' lang='lat' dir='ltr'><strong>id</strong></span> <span class='ocrx_word' id='word_1_394' title='bbox 1148 2823 1227 2863; x_wconf 88' lang='lat' dir='ltr'><strong>ego</strong></span> <span class='ocrx_word' id='word_1_395' title='bbox 1275 2809 1372 2851; x_wconf 88' lang='lat' dir='ltr'><strong>nolo</strong></span> <span class='ocrx_word' id='word_1_396' title='bbox 1395 2842 1403 2850; x_wconf 95' lang='lat'><strong>.</strong></span> <span class='ocrx_word' id='word_1_397' title='bbox 1426 2843 1435 2851; x_wconf 94' lang='lat'><strong>.</strong></span> <span class='ocrx_word' id='word_1_398' title='bbox 1458 2843 1467 2851; x_wconf 95' lang='lat'><strong>.</strong></span> <span class='ocrx_word' id='word_1_399' title='bbox 1490 2813 1527 2852; x_wconf 85' lang='grc'><strong>.“</strong></span> <span class='ocrx_word' id='word_1_400' title='bbox 1591 2811 1696 2853; x_wconf 88' lang='lat' dir='ltr'><strong>Non.</strong></span> 
     </span>
     <span class='ocr_line' id='line_1_43' title="bbox 114 2875 1700 2932; baseline -0.002 -12"><span class='ocrx_word' id='word_1_401' title='bbox 114 2877 184 2931; x_wconf 86' lang='lat'><strong>37,</strong></span> <span class='ocrx_word' id='word_1_402' title='bbox 203 2877 278 2919; x_wconf 87' lang='lat'><strong>33:</strong></span> <span class='ocrx_word' id='word_1_403' title='bbox 309 2876 669 2932; x_wconf 86' lang='lat' dir='ltr'><strong>„scripturarios“,</strong></span> <span class='ocrx_word' id='word_1_404' title='bbox 690 2876 760 2931; x_wconf 87' lang='lat' dir='ltr'><strong>ait,</strong></span> <span class='ocrx_word' id='word_1_405' title='bbox 781 2880 984 2931; x_wconf 78' lang='lat' dir='ltr'><strong>„veteres,</strong></span> <span class='ocrx_word' id='word_1_406' title='bbox 1007 2890 1111 2931; x_wconf 89' lang='lat' dir='ltr'><strong>quos</strong></span> <span class='ocrx_word' id='word_1_407' title='bbox 1133 2890 1239 2918; x_wconf 88' lang='lat' dir='ltr'><strong>nunc</strong></span> <span class='ocrx_word' id='word_1_408' title='bbox 1257 2875 1484 2919; x_wconf 87' lang='lat' dir='ltr'><strong>tabularios</strong></span> <span class='ocrx_word' id='word_1_409' title='bbox 1512 2876 1700 2930; x_wconf 90' lang='lat' dir='ltr'><strong>dicimus,</strong></span> 
     </span>
    </p>

    <p class='ocr_par' dir='ltr' id='par_1_15' title="bbox 0 2940 1699 3008">
     <span class='ocr_line' id='line_1_44' title="bbox 0 2940 1699 3008; baseline 0 -24"><span class='ocrx_word' id='word_1_410' title='bbox 0 2940 47 3008; x_wconf 49' lang='grc' dir='ltr'>ζ</span> <span class='ocrx_word' id='word_1_411' title='bbox 114 2941 197 2986; x_wconf 86' lang='lat' dir='ltr'><strong>dici</strong></span> <span class='ocrx_word' id='word_1_412' title='bbox 232 2941 388 2997; x_wconf 86' lang='lat' dir='ltr'><strong>volunt,</strong></span> <span class='ocrx_word' id='word_1_413' title='bbox 424 2943 535 2998; x_wconf 87' lang='lat' dir='ltr'><strong>quod</strong></span> <span class='ocrx_word' id='word_1_414' title='bbox 572 2942 784 2998; x_wconf 81' lang='lat' dir='ltr'><strong>scripturis</strong></span> <span class='ocrx_word' id='word_1_415' title='bbox 821 2947 862 2985; x_wconf 80' lang='lat' dir='ltr'><strong>et</strong></span> <span class='ocrx_word' id='word_1_416' title='bbox 896 2942 1210 2987; x_wconf 73' lang='lat' dir='ltr'><strong>commentariis,</strong></span> <span class='ocrx_word' id='word_1_417' title='bbox 1249 2943 1384 2984; x_wconf 82' lang='lat' dir='ltr'><strong>omnia</strong></span> <span class='ocrx_word' id='word_1_418' title='bbox 1429 2943 1497 2984; x_wconf 80' lang='lat' dir='ltr'><strong>vel</strong></span> <span class='ocrx_word' id='word_1_419' title='bbox 1539 2942 1699 2984; x_wconf 88' lang='lat' dir='ltr'><strong>urbium</strong></span> 
     </span>
    </p>
   </div>
  </div>
 </body>
</html>
