1910 3034
107 158 123 188 ⁸¹
158 175 227 206 Ἰ·
247 189 324 237 tot
352 160 511 236 lats.
539 191 580 236 h.
611 193 671 246 v.)
698 205 751 235 ex
773 191 889 235 Festi
908 190 990 234 illis
1010 191 1149 235 verbis
1177 190 1396 234 restituere
1416 193 1460 232 et
1477 172 1729 245 conjungere

152 265 227 295 'mr
252 258 380 302 ‘Pauli
409 258 516 303 diac.
546 258 638 302 loco
667 257 882 309 Luciliano
924 260 982 314 (p.
1015 259 1131 312 132):
1168 269 1429 313 „querquera
1465 255 1731 311 consequitur

35 319 107 386 fig]-
123 320 373 382 “ffipitisque
405 325 600 368 dolores“
635 324 770 380 magis
806 324 986 367 fortasse
1017 324 1223 380 jocantes,
1267 336 1391 378 quam
1436 322 1546 364 serio
1591 321 1732 364 conati

58 391 102 438 ’ἵ
118 380 238 437 ’Μώί
277 391 389 435 hunc
429 392 472 434 in
509 391 697 434 modum:
734 404 998 446 „querquera
1034 390 1300 445 consequitur
1335 389 1461 432 febris
1498 388 1730 444 capitisque

58 473 62 480 ·
138 457 308 502 dolores
342 457 484 501 infesti
517 457 618 500 mihi
652 459 737 499 tam
775 471 900 511 quam
935 456 1138 499 Rhondes
1176 455 1471 510 Icadionque“.
1537 454 1731 498 Ceterum

139 523 401 580 ,,Ἰοιαδίων“
430 523 606 566 formam
634 524 749 578 Papc
779 522 896 576 (lex.)
925 536 1007 564 uno
1028 522 1271 577 comprobat
1299 521 1491 577 exemplo
1521 535 1574 564 ex
1602 523 1728 565 inscr.

138 590 250 635 2598
269 595 454 647 sumpt03
485 594 630 633 contra
650 589 735 632 Cic.
756 589 809 632 de
838 590 910 633 sat.
932 590 971 643 3,
1001 590 1047 643 53
1078 590 1104 631 6
1134 603 1156 631 e
1178 588 1395 630 Posidonii
1415 588 1519 631 libro
1540 588 1731 644 ejusdem

26 670 43 687 ³
139 657 367 714 praedonis
403 657 582 700 nominis
617 656 774 698 formas
816 656 907 699 sine
942 655 1175 698 variatione
1212 655 1422 698 lectionis:
1468 655 1538 710 „in
1574 655 1730 709 Icadio,

18 724 37 787 ἰ
96 719 109 729 ”’
137 724 284 779 Icadii,
312 724 507 767 Icadius“
537 723 626 778 (cfr.
657 723 712 765 M.
744 736 890 766 comm.
922 722 978 765 ad
997 722 1128 764 Lucil.
1159 737 1198 777 p.
1219 723 1320 777 2753
1352 722 1398 765 L.
1431 722 1528 765 edit.
1560 737 1599 778 p.
1633 721 1731 778 123)

141 794 184 835 ct
210 791 330 835 Serv.
364 790 420 833 ad
456 791 563 833 Aen.
600 791 638 841 3,
675 791 756 832 332
792 789 919 832 filiiun
956 789 1162 845 Apollinis
1197 788 1440 843 „Icadium“
1474 788 1731 845 appellatum

138 857 367 915 proferunt.

249 947 288 990 8.
316 946 490 989 Museo
533 946 558 988 i.
605 960 639 988 e.
681 946 895 999 Μύσκων,
939 960 978 988 v.
1016 946 1099 988 970
1135 946 1219 1000 (30,
1263 945 1377 999 127):
1416 948 1485 999 „et
1520 945 1732 988 Musconis

138 1027 309 1058 manum
345 1013 603 1069 perscribere
639 1027 765 1069 posse
803 1015 1035 1068 tagacem“.
1110 1012 1179 1055 Sic
1216 1012 1318 1067 legit
1353 1012 1443 1066 (cfr.
1481 1025 1627 1054 comm.
1663 1011 1732 1054 ad.

139 1079 269 1124 Lucil.
298 1095 340 1136 p.
374 1081 456 1123 272
492 1085 533 1123 et
567 1094 621 1123 ex
666 1080 829 1123 Graeco
866 1079 1077 1122 transtulit
1111 1079 1189 1122 hoc
1220 1092 1383 1130 nomen,
1423 1078 1476 1121 de
1513 1093 1595 1134 quo
1629 1078 1733 1120 nihil

21 1140 26 1147 ⁸
61 1172 65 1173 ν
138 1161 208 1190 me
241 1147 397 1190 habere
432 1151 687 1203 compertum
723 1147 935 1199 confiteor,
973 1147 1027 1188 M.
1065 1146 1293 1190 secundum
1331 1147 1436 1189 Non.
1467 1160 1507 1201 p.
1537 1145 1633 1199 408,
1663 1146 1729 1188 31.

137 1238 197 1245 —
225 1213 378 1258 Contra
413 1214 514 1256 Fest
542 1228 583 1269 p.
613 1214 707 1267 359,
741 1215 792 1255 13
822 1218 863 1256 et
901 1213 1019 1256 Paul.
1058 1228 1097 1269 p.
1140 1214 1220 1256 154
1248 1212 1483 1267 „mutonis“
1521 1211 1732 1266 exhibent,

139 1279 252 1337 quod
283 1281 330 1324 L.
362 1279 529 1335 quidem
559 1280 799 1322 declarans:
838 1293 1045 1333 „manum,
1076 1283 1187 1335 puto,
1219 1293 1325 1334 quae
1355 1283 1530 1334 quaerat
1556 1282 1732 1333 tangere

138 1348 378 1390 mutonem“
428 1346 456 1388 i.
509 1359 543 1390 e.
585 1359 756 1401 penem,
806 1346 864 1388 ita
915 1359 1042 1388 sensu
1093 1350 1233 1388 tamen
1284 1344 1491 1388 mehercle
1537 1348 1733 1388 manente

140 1413 455 1467 obscurissimo,
492 1413 535 1454 in
579 1415 816 1454 contextum
858 1412 1025 1468 recepit,
1062 1411 1348 1455 Franckenius
1391 1412 1436 1454 in
1478 1411 1733 1466 „Muttonis“

138 1480 314 1524 mutavit
357 1479 411 1522 de
455 1479 504 1530 Q.
549 1479 754 1533 Muttone,
798 1479 967 1523 homine
1011 1479 1319 1533 sordidissimo,
1359 1479 1568 1535 cogitans,
1613 1478 1732 1535 cujus

139 1546 286 1591 Cicero
315 1547 359 1588 in
389 1549 509 1590 oratt.
540 1560 616 1602 pro
647 1545 804 1589 Scauro
835 1552 875 1588 et
904 1559 980 1602 pro
1010 1545 1229 1589 Fundanio
1259 1546 1458 1590 meminit.

252 1636 293 1678 9.
335 1635 576 1678 Rhondes
620 1649 659 1677 v.
706 1636 814 1677 1104
856 1636 953 1690 (inc.
997 1636 1081 1688 36).
1140 1634 1246 1678 Vide
1291 1649 1420 1691 supra
1462 1649 1501 1676 v.
1546 1633 1730 1678 Icadion.

143 1701 391 1746 Gerlachius
422 1702 564 1745 scribit
591 1702 832 1757 „Rondes“,
862 1703 929 1745 L.:
960 1701 1214 1755 „Rhondes‘·
1244 1702 1365 1744 uncis
1394 1701 1617 1757 inclusum3
1651 1701 1735 1744 huc

140 1766 267 1819 adde,
299 1767 410 1823 quod
425 1768 538 1810 M.in
570 1781 715 1811 comm.
738 1783 777 1824 p.
799 1769 899 1810 276:
929 1767 1006 1822 „O.
1027 1767 1228 1811 Miillerus
1254 1768 1413 1811 mavult
1430 1768 1732 1823 „Rhonches“3

142 1833 245 1878 mihi
271 1848 407 1890 neque
436 1835 558 1891 hujus
587 1849 724 1890 neque
752 1835 863 1878 illius
891 1835 1071 1878 nominis
1093 1839 1262 1891 praesto
1294 1838 1389 1877 sunt
1416 1834 1626 1890 exempla,
1656 1834 1734 1877 sed

141 1905 188 1944 ut
227 1906 417 1944 neutrum
460 1916 486 1944 a
524 1901 815 1958 probabilitate
851 1902 1034 1944 alienum
1078 1915 1174 1945 esse
1219 1902 1495 1945 existimem“.
1569 1901 1734 1945 Graeca

143 1967 279 2012 forma
306 1968 461 2011 tradita
488 1982 694 2024 nusquam
724 1971 798 2012 est.

258 2046 322 2088 10.
367 2045 635 2088 Tricorius
680 2059 719 2087 v.
762 2046 845 2088 529
888 2047 971 2100 (26,
1016 2047 1107 2100 64):
1152 2050 1222 2100 „at
1263 2045 1476 2089 libertinus
1521 2044 1732 2087 Tricorius

145 2110 281 2168 Syrus
300 2111 393 2167 ipse
421 2125 472 2154 ac
501 2112 758 2167 mastigias“.
818 2111 897 2155 Sic.
921 2112 1033 2155 Gerl.
1065 2112 1166 2167 prol.
1198 2127 1238 2167 p.
1268 2112 1438 2166 XLIV.3
1468 2111 1517 2154 O.
1546 2111 1735 2154 Ribbeck

145 2177 269 2232 (Mus.
305 2177 438 2220 Rhen.
476 2179 530 2220 29
565 2193 605 2234 p.
639 2179 717 2221 118
753 2181 853 2233 sq.);
911 2179 965 2222 M.
1001 2184 1145 2221 contra
1173 2179 1358 2232 Lachm.,
1389 2179 1459 2234 qui
1489 2178 1732 2232 „tricorius“

145 2245 319 2300 praebet
345 2245 462 2287 uncis
492 2245 709 2298 inclusum,
744 2251 784 2288 et
813 2245 1087 2300 Scaligerum,
1125 2247 1195 2301 qui
1224 2246 1314 2288 sine
1343 2260 1471 2288 causa
1503 2246 1727 2299 „tricosus“

144 2309 398 2366 adjectivum
426 2311 576 2366 posuit.
635 2311 959 2354 Concedendum
989 2325 1093 2354 sane
1122 2325 1275 2355 nomen
1303 2326 1442 2368 propr.
1472 2311 1592 2355 virile
1615 2311 1732 2365 „Tri-

145 2377 308 2420 corius“
340 2377 543 2433 exemplis
574 2391 659 2420 non
687 2390 783 2419 esse
814 2379 1144 2434 eomprobatum3
1175 2377 1252 2421 sed
1287 2378 1371 2421 tale
1408 2392 1504 2421 esse
1545 2378 1732 2434 potuisse

145 2446 187 2486 et
222 2456 276 2486 ex
305 2442 431 2499 Syria
465 2457 540 2499 per
572 2444 758 2486 Graecos
793 2443 986 2486 tralatum
1022 2458 1118 2487 esse
1146 2445 1201 2487 ad
1230 2446 1441 2488 Romanos
1470 2458 1556 2488 non
1583 2458 1733 2488 vereor

147 2508 410 2553 contendere.
469 2510 592 2552 Certe
620 2509 700 2552 huc
728 2523 813 2552 non
841 2510 1047 2566 pertinent
1070 2511 1367 2567 ,,Τρικόριοι“,
1390 2511 1554 2554 Galliae
1574 2512 1731 2555 Narbo-

144 2575 289 2619 nensis
324 2577 450 2630 natio,
488 2577 604 2632 cujus
640 2577 827 2619 meminit
863 2578 979 2632 Pape
1013 2590 1067 2619 ex
1104 2577 1242 2621 Strab.
1279 2578 1319 2632 4,
1357 2578 1455 2633 1853
1500 2578 1599 2633 2033
1638 2578 1730 2622 Liv.

146 2642 213 2696 21,
242 2642 315 2697 313
345 2642 550 2686 Ammian.
584 2644 647 2698 15,
680 2644 749 2698 103
783 2645 852 2699 113
882 2643 977 2686 Plin
1004 2643 1042 2696 3,
1073 2644 1111 2696 4,
1141 2644 1181 2698 5,
1211 2644 1276 2687 34.

259 2720 323 2762 11.
362 2720 617 2776 Zopyrion
654 2720 743 2774 (cfr.
780 2721 889 2763 infra
923 2734 962 2764 v.
996 2720 1324 2776 „Zopyriatim“)
1359 2735 1397 2765 v.
1434 2722 1514 2764 521
1550 2723 1633 2778 (22,
1664 2723 1730 2780 9):

150 2785 389 2843 „Zopyrion
423 2785 568 2830 labeas
598 2786 736 2829 caedit
762 2788 967 2842 utrimque
998 2789 1146 2830 secus“
1178 2787 1274 2840 (L.).
1333 2787 1610 2843 Cogitandum
1645 2803 1731 2832 non

147 2855 214 2895 est
246 2851 300 2895 dc
332 2853 502 2909 Zopyro
536 2853 608 2896 illo
643 2854 787 2908 Persa,
823 2854 892 2909 qui
925 2854 1017 2910 ipse
1055 2868 1101 2897 se
1140 2854 1356 2908 mutilavit,
1387 2855 1651 2910 Babylonem
1686 2859 1732 2899 ut

149 2924 422 2975 expugnaret,
458 2919 534 2962 sed
570 2919 624 2963 de
662 2933 785 2963 servo
822 2920 1002 2976 quodam
1039 2934 1093 2964 ex
1128 2920 1276 2964 Lucilii
1302 2920 1472 2971 familia,
1505 2922 1574 2977 qui
1603 2921 1730 2966 nimio
