1780 3022
258 231 411 273 circum
453 228 696 284 impluvium
736 226 830 269 cini’
867 225 978 269 raru'
1015 224 1198 268 fluebat“
1241 225 1322 279 (sic
1365 224 1441 281 M.)
1484 224 1748 269 Lachmanni

259 295 386 338 editio
422 293 599 337 formam
636 292 884 347 „cinerans“
920 291 1037 334 verbi
1080 290 1300 346 cujusdam
1342 290 1519 334 inauditi
1558 291 1745 347 praebet,

261 374 397 415 quam,
437 373 529 402 cum
566 359 707 413 quinto
744 371 892 400 versus
926 357 1124 413 dactylici
1152 356 1251 412 pedi
1287 359 1513 412 repugnet,
1547 357 1747 400 mendum

260 425 608 481 typograp'hicum
653 436 728 478 pro
771 423 1028 477 ‚,cineraris“
1072 421 1140 464 vel
1193 423 1318 476 „cini’
1367 423 1507 465 raru'“
1552 422 1746 479 habeam,

259 504 511 546 quamquam
540 490 773 531 incorrecta
802 489 845 530 in
874 488 1055 531 Harderi
1084 488 1222 531 indice
1252 503 1293 544 p.
1327 489 1377 530 11
1408 492 1484 533 est.

348 573 490 617 annot.
521 573 586 616 2.;
629 572 678 614 V.
712 571 790 614 188
821 572 877 626 (5,
906 571 991 626 39),
1027 584 1151 626 quem
1181 571 1241 613 sic
1262 571 1316 612 M.
1337 570 1506 626 optime,
1522 573 1568 613 ut
1586 570 1748 627 opinor,

261 639 457 681 restituit:
495 663 578 691 ‚,—
606 656 716 673 w
745 637 813 680 dic
841 651 1047 692 quaenam
1078 641 1202 692 cogat
1243 637 1308 679 vis
1352 636 1413 678 ire
1448 635 1638 679 minutim
1672 649 1769 692 per-

262 704 558 747 commissuras
595 704 793 746 rimarum
830 704 954 746 nocti'
991 703 1203 758 nigrore“,
1239 702 1311 758 (ad
1349 701 1460 756 quod
1496 701 1570 745 cfr.
1600 715 1747 746 comm.

260 786 300 826 p.
345 771 444 812 213:
490 770 572 825 „de
616 774 805 813 amatore
848 773 1050 812 nocturno
1094 769 1259 812 videtur
1300 768 1418 824 agi“)
1453 768 1626 812 Lachm.
1670 780 1748 824 pro

260 837 378 878 hisce
414 836 574 879 verbis:
612 837 703 891 „vis
739 837 826 878 ire“
864 836 943 892 (sic
978 836 1100 879 codd.
1138 837 1246 879 Non.
1283 849 1322 891 p.
1360 834 1455 891 515,
1484 835 1511 877 3
1541 833 1678 878 Guelf.
1709 837 1752 877 et

261 902 445 958 Bentin.;
490 905 583 957 „tus
627 902 716 943 ire“
759 902 894 944 Paris.
927 902 1054 957 76663
1101 902 1286 956 „tusire“
1323 901 1459 956 Lugd.
1502 901 1548 958 2)
1591 901 1750 944 codicis

260 967 396 1022 Lugd.
443 969 464 1009 1
511 967 730 1010 lectionem
774 968 958 1023 „visire“
1007 968 1051 1010 in
1094 967 1243 1010 Lucilii
1287 971 1527 1010 contextum
1578 967 1750 1023 recepit,

262 1035 380 1090 cujus
417 1035 515 1076 novi
553 1038 594 1076 et
629 1034 806 1076 inauditi
843 1035 962 1077 verbi
1007 1034 1373 1088 significationem:
1419 1033 1627 1089 „pfisten“
1672 1033 1752 1087 (sic

262 1101 485 1155 Georgesii
515 1101 636 1154 Lex.)
667 1114 735 1143 me
755 1114 840 1142 non
860 1100 1123 1143 intellexisse
1143 1100 1322 1143 libenter
1343 1099 1557 1142 confiteor.
1616 1099 1753 1142 Hausi

261 1166 430 1221 quidem
473 1180 526 1209 ex
569 1166 717 1209 lexicis
761 1166 989 1209 theodiscis
1034 1180 1123 1210 voc.
1156 1166 1366 1222 ,‚pfisten“
1408 1166 1523 1208 idem
1567 1179 1663 1209 esse
1699 1158 1760 1208 ac'

262 1233 501 1288 ‚,backen“;
534 1233 611 1275 sed
640 1232 742 1287 quid
772 1233 851 1275 hoc
881 1233 959 1276 sibi
989 1233 1076 1275 vult
1104 1237 1248 1275 nostro
1278 1231 1427 1276 Lucilii
1454 1231 1580 1274 loco?
1636 1232 1750 1287 Ergo

262 1299 456 1354 equidem
493 1313 569 1354 pro
606 1313 701 1343 mea
737 1303 857 1355 parte
894 1300 1113 1342 obscurum
1143 1299 1246 1342 illud
1275 1312 1367 1343 voc.
1399 1298 1585 1353 „visire“
1613 1311 1641 1341 a
1669 1298 1750 1340 Lu-

262 1365 357 1408 cilio
386 1364 593 1421 abjudico.

310 1453 352 1504 y)
381 1448 500 1491 Haec
528 1449 658 1491 verba
687 1451 902 1504 composita
931 1462 958 1491 a
987 1448 1148 1491 Lucilio
1178 1451 1251 1490 ant
1280 1447 1378 1491 ficta
1407 1449 1505 1490 sunt
1536 1450 1611 1490 ant
1638 1450 1752 1490 certe

153 1514 248 1557 ficta
280 1527 378 1557 esse
406 1517 600 1570 possunt:

263 1580 655 1623 decalauticare
691 1580 718 1623 i.
756 1593 792 1622 e.
823 1580 1016 1623 velamen
1055 1580 1181 1636 capiti
1215 1580 1454 1635 detrahere,
1484 1593 1524 1624 v.
1554 1579 1636 1623 553
1666 1580 1751 1635 (26,

154 1647 245 1700 72);
277 1646 603 1702 „depoclassere
631 1646 774 1702 aliqua
804 1660 982 1703 sperans
1011 1661 1078 1689 me
1107 1660 1158 1689 ac
1173 1646 1536 1702 deargentassere,
1559 1645 1752 1689 decalau-

151 1713 293 1767 ticare,
339 1714 495 1756 eburno
535 1713 707 1768 speculo
743 1713 1134 1769 despeculassere.“
1201 1714 1357 1757 Vocab.
1394 1711 1508 1769 quod
1550 1715 1616 1755 est
1657 1725 1752 1767 „ca-

150 1779 331 1822 lautica“
360 1779 387 1820 i.
419 1792 454 1821 e.
493 1779 752 1835 κρήδεμνον,
784 1780 978 1822 velamen
1007 1794 1076 1836 ap.
1106 1780 1252 1822 Afran.
1284 1793 1433 1822 comm.
1463 1779 1537 1835 373
1575 1779 1661 1822 Cic.
1692 1791 1751 1822 or.

152 1845 196 1886 in
231 1845 278 1888 P.
310 1843 429 1888 Clod.
466 1851 507 1887 et
538 1845 633 1888 Cur.
670 1846 711 1900 5,
749 1846 776 1888 3
812 1860 851 1901 p.
893 1847 971 1887 107
1010 1846 1076 1888 ed.
1107 1846 1232 1889 Beier
1269 1846 1342 1900 (ad
1373 1845 1487 1902 quod
1516 1844 1589 1888 cfr.
1621 1844 1752 1889 schol.

152 1911 253 1954 Bob.
284 1925 324 1966 p.
355 1911 450 1965 336,
484 1911 562 1952 118
592 1910 657 1952 ed.
688 1911 833 1966 Bait.);
870 1911 966 1966 Ulp.
997 1911 1082 1966 dig.
1113 1912 1181 1967 34,
1219 1913 1258 1966 2,
1290 1911 1344 1954 25
1371 1915 1397 1965 ξ
1419 1912 1491 1967 1Ο;
1523 1911 1680 1955 Arnob.
1710 1911 1752 1966 2,

153 1977 227 2032 23,
258 1977 415 2019 Auson.
446 1975 630 2031 perioch.
661 1975 818 2032 Odyss.
848 1977 893 2032 53
925 1977 1044 2020 Serv.
1075 1978 1189 2032 Virg.
1219 1977 1326 2021 Aen.
1365 1977 1404 2032 9,
1443 1978 1494 2020 16
1529 1977 1753 2020 invenitur.

155 2041 237 2086 Ofr.
268 2042 323 2084 M.
354 2055 501 2085 comm.
533 2056 574 2098 p.
605 2042 700 2085 251.

266 2108 543 2164 depoclare
580 2122 669 2164 pro
709 2108 1025 2164 dcpoculare
1061 2111 1087 2151 i.
1124 2123 1182 2152 e.:
1221 2110 1292 2165 „in
1328 2109 1490 2166 poculis
1529 2111 1753 2154 absumere

155 2174 235 2229 (sic
262 2175 309 2216 P.
339 2174 523 2217 African.
553 2189 621 2230 ap.
653 2175 762 2218 Gell.
795 2176 830 2229 7,
866 2177 915 2217 11
948 2177 1090 2232 extr.);
1123 2176 1272 2219 eodem
1302 2190 1430 2220 versu
1458 2178 1539 2219 553
1560 2177 1647 2233 (26,
1669 2177 1752 2231 72).

154 2240 351 2283 Formam
389 2240 743 2296 ‚‚depoclassere“
782 2244 882 2296 (vet.
922 2242 993 2286 inf.
1032 2243 1136 2298 fut),
1175 2257 1301 2298 quam
1335 2244 1383 2287 L.
1427 2244 1472 2286 in
1513 2247 1755 2288 contextum

155 2307 323 2362 recepit,
355 2307 403 2350 Ο.
424 2308 542 2351 Ribb.
566 2322 713 2352 comm.
735 2309 876 2352 coroll.
898 2324 937 2365 p.
960 2309 1204 2353 XXXVIII.
1226 2310 1354 2366 plane
1373 2311 1578 2367 probavit,
1599 2311 1756 2368 optime

155 2386 252 2415 mea
281 2386 445 2427 quoque
476 2375 684 2417 sententia
714 2376 762 2417 L.
792 2375 840 2417 F.
873 2376 1100 2431 Schmidv)
1133 2390 1188 2419 ex
1218 2377 1409 2420 codicum
1437 2378 1545 2421 Non.
1565 2391 1605 2434 p.
1627 2377 1694 2432 97,
1729 2377 1756 2419 6

158 2439 308 2495 Guelf.,
344 2440 478 2495 Lugd.
518 2442 555 2496 1,
593 2441 726 2497 Lugd.
766 2443 792 2484 2
828 2442 872 2484 in
916 2443 1112 2486 lemmate
1155 2443 1334 2487 lectione
1370 2444 1757 2500 „depoculassere“

158 2505 251 2557 (sol.
290 2506 381 2548 cod.
419 2506 554 2562 Lugd.
590 2507 663 2549 67:
695 2507 1038 2563 depeculassere)
1070 2514 1113 2551 et
1143 2523 1197 2552 ex
1227 2509 1317 2554 cod.
1351 2509 1509 2554 Guelfi:
1546 2509 1756 2566 „depocu-

156 2570 344 2614 lassere“
382 2576 423 2614 ct
452 2573 584 2627 Lugd.
626 2575 646 2615 1
682 2574 1064 2630 ‚,depeculassere“
1100 2576 1144 2618 in
1186 2576 1532 2632 interpretatione
1575 2575 1758 2620 Noniani

156 2636 267 2679 illius
297 2637 377 2679 loci
405 2638 647 2682 lectionibus
677 2640 842 2683 videtur
871 2641 1118 2696 restituisse,
1148 2642 1220 2697 ita,
1249 2646 1294 2684 ut
1321 2641 1402 2685 hoc
1431 2656 1523 2686 voc.
1550 2656 1578 2686 a
1597 2641 1756 2686 Lucilio

158 2703 252 2758 ipso
288 2703 428 2747 iocose
470 2705 610 2747 fictum
654 2709 696 2747 et
738 2707 1012 2762 compositum
1057 2721 1153 2750 esse
1193 2707 1399 2750 videatur.
1473 2708 1630 2751 Contra
1673 2721 1757 2764 qua

159 2769 337 2812 audacia
356 2770 453 2813 Luc.
475 2770 587 2814 Mun.
618 2785 717 2814 usus
739 2772 1083 2828 „depeilassere“
1111 2787 1188 2830 pro
1208 2773 1567 2830 ,‚depoclassere“
1588 2773 1756 2831 conjici-

276 2891 300 2934 ¹)
324 2890 411 2929 Lud.
438 2889 538 2928 Ferd.
563 2891 729 2935 Schmidt,
754 2893 792 2932 C.
817 2893 923 2933 Lucil.
955 2894 1139 2931 satirarum
1169 2905 1258 2940 quae
1288 2895 1332 2930 de
1365 2895 1443 2934 libr.
1479 2894 1541 2934 IX.
1576 2895 1760 2941 supersunt

162 2944 289 2991 dispos.
313 2946 350 2980 et
371 2945 495 2983 illustr.
519 2945 630 2983 Berol.
658 2947 752 2984 1840.
