1910 3034
921 44 946 88 7

39 144 96 173 a.)

48 164 106 220 Γῗ·
119 178 319 224 movilia
345 183 389 223 et
416 179 678 224 librariorum
713 182 884 235 stupore
922 182 1164 235 quereretur
1191 175 1363 219 inversa
1398 188 1449 218 ac
1483 174 1728 231 depravata,

94 248 227 293 tum
266 246 451 290 omnium
492 247 677 290 maxime
711 246 881 289 nomina
916 244 1101 302 propria,
1131 242 1278 318 quibus
1307 241 1438 296 illum,
1474 240 1573 284 dum
1602 240 1732 297 publi-

141 321 232 357 cam
250 313 533 356 Romanorum
562 313 692 355 vitam
721 317 762 355 et
792 312 928 367 magis
948 312 1156 368 privatam
1184 309 1290 352 mira
1309 307 1499 351 libertate
1529 311 1571 350 et
1590 307 1734 365 lepore

139 379 396 436 perstringit,
426 380 647 436 plurimum
683 393 803 422 11311111
838 378 969 422 fuisse
998 377 1196 421 credibile
1233 375 1336 420 est“.
1412 375 1597 426 Quorum
1626 388 1735 430 quae

140 443 294 489 frustra
323 446 435 503 apud
465 447 646 502 reliquos
677 446 901 502 scriptores
932 444 1083 488 latinos
1114 442 1359 499 quaesieris,
1389 441 1501 498 apud
1531 440 1734 486 Lucilium

142 515 287 556 extant
314 511 437 556 haec:

756 611 796 645 a.
842 598 1113 657 graecanica.

251 719 291 746 α.
322 699 389 743 Ad
418 715 446 756 p
456 714 478 743 3
489 714 509 743 r
520 715 539 743 s
548 715 572 743 0
583 714 610 743 n
618 714 645 743 a
655 715 674 743 3
705 700 944 743 Lucilianas
973 698 1201 756 pertinent:

252 791 287 832 1.
317 789 566 844 Aegialea
594 790 619 833 i.
651 803 685 833 e.
719 790 959 846 Αἰγιάλεια,
999 802 1122 844 quam
1159 787 1367 844 poeticam
1408 786 1524 829 vocis
1558 785 1736 842 Aegiale

138 856 359 914 (Αἰγιάλη)
405 856 574 912 saepius
610 855 789 898 usitatae
819 856 994 898 formam
1023 853 1308 897 tantummodo
1353 853 1477 896 etiam
1507 866 1575 908 ap.
1611 853 1734 898 Hom.

137 922 185 967 Il.
215 923 256 979 5,
292 923 388 977 412,
424 936 492 978 ap.
522 922 717 978 Apollod.
760 923 796 976 1,
827 923 866 976 8,
897 923 934 965 6.
966 922 1005 975 9,
1038 922 1102 975 13,
1137 935 1204 976 ap.
1235 919 1359 963 Diod.
1391 919 1515 963 Sicul.
1557 933 1646 964 exc.
1685 919 1734 962 L.

137 990 165 1033 6
199 987 278 1044 frg.
314 990 340 1032 2
376 988 621 1032 invenimus.
687 989 807 1031 Hanc
851 988 987 1043 ipsam
1031 986 1162 1029 fuisse
1201 985 1446 1041 Aegialeam
1490 985 1639 1029 Lucilii
1682 999 1736 1030 ex

137 1054 286 1099 Servio
309 1054 555 1098 concludere
575 1054 694 1097 nobis
716 1054 824 1108 11031,
856 1053 926 1108 qui
955 1053 1010 1096 ad
1030 1053 1205 1095 Aeneid.
1227 1053 1353 1105 VIII.‚
1386 1053 1432 1094 9:
1466 1052 1736 1108 „Diomedes,

136 1121 281 1177 inquit,
325 1125 549 1177 postquam
591 1121 775 1177 repperit
811 1121 873 1163 ira
907 1120 1082 1163 Veneris
1122 1134 1148 1162 a
1193 1133 1238 1162 33
1281 1119 1524 1162 vulneratae
1560 1132 1735 1163 uxorem

134 1187 380 1243 Aegialeam
416 1188 528 1244 apud
557 1189 694 1243 Argos
733 1201 825 1230 cum
857 1187 1095 1244 Cyllabaro,
1135 1191 1179 1229 ut
1209 1186 1404 1241 Lucilius,
1442 1186 1510 1229 vel
1549 1186 1734 1241 Cometa,

135 1258 181 1298 ut
219 1254 407 1310 plerique
451 1254 631 1309 tradunt,
676 1255 850 1310 turpiter
895 1260 1038 1297 vivere
1082 1253 1214 1296 noluit
1258 1254 1411 1297 reverti
1449 1253 1504 1296 ad
1540 1253 1734 1309 patriam.

136 1320 185 1364 L.
215 1321 313 1365 edit.
344 1335 383 1377 p.
419 1322 510 1376 138,
541 1322 594 1365 Μ.
628 1321 779 1364 01111311.

245 1388 284 1430 2.
314 1387 548 1442 Andron,
598 1387 710 1443 quod
750 1400 903 1430 nomen
947 1386 1001 1429 M.
1047 1387 1226 1430 1331111111
1274 1400 1312 1429 v.
1361 1386 1467 1429 1146
1508 1385 1605 1442 (inc.
1641 1386 1732 1441 91):

138 1453 378 1510 „Andronis
435 1453 554 1497 flacci
605 1453 717 1508 leget
766 1453 915 1497 utria“.
1000 1451 1107 1496 Vide
1156 1452 1265 1496 infra
1313 1469 1345 1496 3.
1396 1466 1436 1496 v.
1482 1452 1642 1508 „utria“
1695 1456 1737 1496 et

134 1520 190 1565 M.
234 1534 384 1564 comm.
428 1535 468 1577 p.
512 1521 579 1576 28,
617 1521 684 1564 ubi
720 1520 835 1564 ι1111111
871 1520 1165 1576 conjecturam,
1204 1520 1275 1575 qui
1308 1520 1433 1563 Nonii
1469 1534 1509 1576 p.
1547 1519 1643 1574 231,
1677 1519 1734 1562 30

133 1586 373 1630 lectionem:
413 1587 639 1643 „Lucilius:
684 1586 923 1629 Andronius
959 1585 986 1630 f.
1032 1590 1146 1641 teget
1189 1586 1255 1628 u.“
1300 1585 1592 1641 corrigendam
1635 1599 1732 1630 esse

133 1653 197 1696 in:
229 1653 398 1709 „Livius
419 1653 682 1696 Andronicus
704 1667 739 1696 3.
763 1667 801 1708 q.
825 1653 885 1696 s.“
908 1652 1157 1709 conjecerat,
1180 1652 1282 1694 satis
1304 1651 1444 1708 lepide
1464 1651 1656 1708 reppulit.
1678 1653 1726 1696 L.

134 1720 372 1764 Nonianmn
409 1720 512 1763 illud
549 1720 734 1775 retinuit3
773 1719 849 1763 sed
884 1719 1086 1762 maiorem
1132 1719 1222 1761 sine
1257 1719 1382 1762 dubio
1426 1718 1730 1774 probabilitatis

135 1787 317 1843 speciem
347 1787 473 1830 habet
502 1785 744 1843 ,ξἈνδρων“
775 1799 930 1828 nomen
959 1785 1079 1828 virile
1115 1785 1363 1842 saepissime
1397 1784 1511 1841 apud
1542 1785 1729 1829 Graecos

133 1854 343 1908 usitatum,
382 1868 506 1909 quam
551 1853 870 1911 ῃἈνδρώνιος“’
894 1852 984 1909 ejus
1018 1852 1352 1908 patronymicum
1387 1850 1518 1895 semel
1551 1855 1727 1895 tantum-

134 1919 259 1963 modo
289 1919 486 1963 traditum
515 1933 582 1976 ap.
614 1920 723 1974 Keil,
753 1920 879 1964 inser.
909 1919 1045 1962 boeot.
1075 1933 1114 1962 n.
1146 1919 1200 1962 ΙΙ.

244 1987 283 2030 3.
315 1986 542 2043 Cephalo
563 1987 588 2029 i.
611 2000 647 2029 3.
671 1986 902 2042 Κεφάλων,
933 1999 971 2029 v.
1002 1986 1084 2028 355
1105 1984 1189 2041 (11,
1220 1986 1311 2040 22):
1353 1985 1553 2042 „Cassius
1581 1985 1728 2042 Gajus,

134 2053 202 2098 hic
243 2054 478 2110 operarius,
529 2067 651 2108 quem
697 2052 982 2109 Cephalonem
1026 2052 1203 2095 dicimus
1248 2066 1283 2095 e.
1329 2067 1367 2108 q.
1414 2053 1474 2094 s.“
1565 2053 1728 2096 Nomen

131 2120 252 2164 virile
281 2120 383 2163 satis
415 2120 623 2175 cognitum
654 2118 822 2174 quidem
842 2119 952 2174 apud
975 2119 1161 2161 Graecos
1193 2124 1268 2172 est,
1299 2132 1380 2174 quo
1407 2119 1591 2162 Lucilius
1621 2133 1727 2163 unus

131 2187 240 2230 inter
276 2186 500 2242 scriptores
538 2186 688 2228 latinos
724 2199 799 2240 per
835 2185 1055 2228 ludibrium
1092 2185 1216 2227 utitur
1252 2186 1513 2240 cognomine,
1548 2186 1728 2230 fortasse

134 2266 261 2296 sensu
295 2258 456 2295 nostro:
504 2251 808 2307 „Grosskopf“.
867 2251 934 2306 (cf.
971 2251 1078 2294 Plut.
1115 2252 1208 2294 Per.
1254 2253 1311 2306 3.)
1370 2252 1570 2296 Similiter
1612 2267 1727 2297 mere

135 2319 309 2362 latinum
338 2332 427 2362 voc.
460 2318 648 2374 „capito“
680 2332 748 2374 ap.
769 2318 902 2362 Plaut.
931 2318 1035 2360 Pers
1069 2319 1105 2372 1,
1136 2319 1173 2371 2,
1205 2318 1230 2360 8
1262 2317 1351 2374 (60)
1382 2324 1422 2361 et
1454 2320 1527 2362 Cic
1555 2319 1609 2363 de
1639 2323 1725 2362 nat.

134 2386 248 2430 deor.
290 2388 326 2440 1,
362 2386 428 2440 29,
466 2386 521 2427 80
553 2389 795 2440 usurpatum
832 2388 906 2428 est.
944 2409 999 2414 ——
1035 2384 1229 2427 Ceterum
1267 2384 1410 2440 lingua
1444 2386 1575 2429 latina
1611 2386 1725 2430 aliud

134 2452 345 2508 quoddam
367 2453 513 2494 subst:
538 2451 766 2507 „cephalo“
790 2452 815 2493 i.
836 2465 870 2493 0.
892 2451 1133 2508 ἐγκέφαλον
1153 2451 1322 2494 exhibet
1346 2466 1413 2508 ap.
1435 2453 1540 2495 Pall.
1560 2454 1600 2508 5,
1624 2455 1664 2508 5,
1685 2455 1724 2496 3.

244 2519 282 2562 4.
328 2518 638 2575 Cyllabarus
683 2517 797 2573 (vide
841 2531 967 2573 supra
1009 2531 1048 2559 v.
1093 2517 1313 2573 Aegialea)
1356 2533 1423 2575 ap.
1464 2519 1511 2563 L.
1550 2534 1591 2576 p.
1633 2521 1724 2563 138.

135 2587 306 2629 Summa
333 2585 486 2642 injuria
513 2584 566 2628 M.
598 2584 638 2626 h.
659 2598 698 2627 v.
729 2583 925 2639 neglexit.
986 2583 1032 2627 Si
1059 2583 1180 2639 Papii
1207 2583 1375 2627 lexicon
1404 2599 1466 2640 gr.
1498 2587 1722 2642 sequimur,

131 2665 329 2709 graecum
339 2651 677 2707 „Kvkioifflocooff
694 2650 806 2693 idem
821 2655 886 2693 est
899 2664 949 2693 ac
960 2683 980 2706 „
989 2650 1301 2707 KvMoZroBog“
1319 2666 1350 2695 S.
1368 2653 1723 2710 ,,Κυλλαρα’βης“

135 2719 176 2761 11.
207 2732 242 2762 e.
273 2731 437 2772 nomen,
467 2724 510 2761 ut
531 2717 769 2773 Hesychius
799 2717 940 2771 tradit,
970 2716 1043 2759 filii
1071 2717 1184 2772 regis
1216 2717 1402 2761 Stheneli
1422 2719 1582 2775 Argivi,
1612 2719 1724 2763 unde

133 2784 400 2842 gymnasium
450 2783 783 2840 ,,Κυλλάραβις“
819 2800 851 2828 3.
883 2783 1232 2840 ,,Κυλλαρα’βης“
1269 2785 1527 2841 appellatum
1564 2786 1723 2829 exstitit

133 2851 271 2906 Argis.
331 2851 412 2894 Cfr.
442 2851 625 2893 Pausan.
663 2851 702 2905 2,
741 2851 805 2904 18,
841 2850 880 2892 5.
909 2874 965 2880 ——
1000 2849 1195 2893 Ceterum
1225 2849 1370 2907 Steph.
1404 2851 1533 2896 Thes.
1571 2851 1720 2895 Graec.

134 2918 309 2961 formam
340 2917 625 2973 Κυλλάβαρος
652 2916 827 2972 ignorat.
