1910 3034
175 225 225 262 J.
222 182 275 241 ’,4.
326 220 332 241 ι
369 214 461 260 pro
467 190 744 257 „consternit“
766 198 1080 243 Lachmannum
1108 201 1165 252 (v.
1187 198 1287 256 895)
1308 200 1473 241 secutus
1493 197 1694 242 scribam:

79 261 166 325 „12ss
204 262 494 326 {consterniffl
529 272 574 310 ut
608 266 804 311 facillime
839 266 909 309 hic
944 266 1184 309 restituatur
1220 279 1390 308 sensus:
1434 279 1540 308 unus
1575 269 1695 309 vetus

43 333 73 381 '2
212 334 320 391 (scil.
348 335 583 391 grabattus3
620 332 731 389 quod
759 347 799 375 v.
831 332 1010 375 fortasse
1046 333 1089 374 in
1125 331 1315 376 anteced.
1351 345 1479 374 versu
1507 331 1689 387 positum

60 390 162 455 ›ssr'j'ff
215 404 327 456 ent3
362 400 459 444 vide
494 400 666 443 Lachm.
703 399 802 442 edit.
839 413 879 455 p.
916 400 987 453 98)
1022 400 1142 442 novis
1180 398 1359 441 restibus
1395 402 1615 454 reparatus
1652 402 1694 440 et

214 471 339 525 aptus
366 467 422 511 ad
450 466 800 510 consternendum
831 465 921 519 (cfr.
952 466 1203 509 Ovidiammi
1238 465 1359 508 illud:
1400 470 1519 508 aetas
1557 464 1695 507 mollis

217 538 262 579 et
299 538 402 591 apta
441 535 532 590 regi
573 547 669 590 pro:
715 533 797 588 „ad
840 531 1127 588 regendum“).
1185 533 1359 575 Praeter
1398 531 1695 574 necessitatem

214 601 352 657 igitur,
380 604 425 644 ut
443 599 493 643 Ο.
513 600 711 654 Ribbeck,
732 600 838 642 Mus.
867 599 999 642 Rhen.
1030 599 1056 641 L
1086 599 1134 642 l.:
1167 598 1326 655 „vellus
1353 631 1490 642 .....
1511 599 1694 654 aptum“‚

214 667 276 710 sic
315 666 370 710 M.
413 667 456 709 in
498 679 644 709 comm.
688 680 727 721 p.
773 667 874 708 268:
921 665 1078 722 „clinas
1114 701 1123 709 .
1156 698 1166 707 .
1198 698 1207 707 .
1239 698 1248 707 .
1284 665 1433 721 aptus“
1478 678 1555 720 pro
1599 663 1692 708 cod.

214 732 392 776 lectione
413 746 543 788 „unus
574 768 584 776 .
606 766 615 775 .
638 768 647 777 .
670 766 679 775 .
700 733 849 789 aptus“
873 733 1061 789 conjecit.
1100 733 1290 787 Dignum
1311 745 1474 786 quoque
1492 731 1696 774 memoria

146 831 148 834 -
213 804 293 854 est,
327 799 637 842 Franckenium
673 799 699 841 1.
735 799 763 844 l.
802 814 839 855 p.
878 800 960 842 285
996 799 1287 854 respicientem
1317 798 1373 840 ad
1402 798 1523 840 illud:
1560 811 1693 853 „unus

277 901 288 910 .
311 899 321 909 .
350 867 500 922 aptus“
532 865 756 908 emendare
776 869 967 908 conatum
998 878 1114 908 esse:
1151 879 1282 920 „unus
1312 864 1541 907 consternit
1569 864 1692 907 novu’

212 932 344 976 vectis
387 933 567 975 restibus
610 933 774 988 aptus“,
823 932 934 986 quod
977 931 1143 986 quidem
1186 945 1253 974 me
1299 945 1384 974 non
1431 931 1692 974 intellexisse

167 1016 176 1024 ·
212 998 422 1056 profitear.

38 1126 55 1142 ,.
115 1129 118 1131 Α
260 1087 403 1132 annot.
431 1086 475 1132 3.
535 1087 725 1142 Quinque
757 1087 1029 1140 substantiva,
1050 1100 1157 1141 quae
1187 1085 1317 1128 semel
1343 1085 1498 1129 modo
1487 1100 1530 1128 ιιι
1550 1085 1694 1141 lingua

21 1199 27 1203 ,
46 1148 49 1149 ’
68 1183 74 1187 -
155 1152 299 1208 latina,
309 1153 465 1196 scilicet
480 1167 549 1209 ap.
568 1153 768 1196 Lucilium
784 1153 919 1196 solum
932 1153 1210 1206 inveniuntur,
1227 1153 1486 1196 continentur
1499 1153 1691 1196 versibus

67 1218 70 1219 ⁷
156 1232 211 1262 ex
240 1219 407 1275 scriptis
438 1220 611 1263 Graecis
642 1234 668 1262 a
697 1220 856 1263 Lucilio
887 1220 1076 1276 sumptis.
1136 1220 1257 1262 Sunt:

263 1286 482 1341 acuetis,
511 1300 550 1330 v.
580 1288 663 1328 473
692 1287 777 1342 (17,
807 1287 850 1341 5)
882 1301 934 1329 ex
963 1300 1091 1328 versu
1120 1286 1276 1342 Odyss.
1307 1287 1399 1341 XL,
1428 1287 1523 1329 266.

263 1350 439 1410 ἄλγεα,
460 1367 499 1396 v,
523 1353 631 1395 1055
654 1353 783 1409 (apud
798 1353 846 1394 L.
864 1352 1093 1409 omittitur),
1114 1352 1157 1394 in
1176 1365 1323 1394 versus
1345 1353 1429 1395 fine
1443 1352 1693 1408 saepissime

211 1419 266 1462 ab
286 1419 469 1462 Homero
498 1419 703 1462 adhibito:
736 1417 864 1475 „3275
895 1419 1093 1475 ἔθηκεν“.

260 1485 502 1540 alooh0s‚
532 1499 571 1527 v.
602 1487 655 1528 28
686 1487 741 1540 (1,
771 1486 844 1541 25)
875 1500 928 1528 ex
957 1499 996 1529 v.
1027 1485 1146 1528 Iliad.
1177 1485 1305 1539 XIV„
1335 1486 1428 1528 317.

258 1551 430 1608 χόλος,
474 1566 512 1595 v,
557 1553 623 1606 29,
671 1553 721 1594 13
764 1554 861 1607 (οιιι.
907 1551 1019 1608 apud
1063 1552 1255 1608 Lachm.)
1299 1566 1354 1595 ex
1399 1566 1510 1595 vers.
1546 1552 1688 1608 Eurip.

210 1617 387 1674 Cresph.
417 1618 496 1674 frg.
524 1619 608 1661 459
636 1619 703 1661 ed.
733 1618 894 1662 Nauck.

258 1685 412 1738 νεκύς
439 1686 523 1740 (14,
555 1686 596 1739 7)
625 1686 708 1727 402
738 1699 792 1728 ex
821 1699 930 1728 vers.
962 1685 1118 1741 Odyss.
1148 1685 1239 1740 XL,
1268 1686 1363 1728 491.

0 1773 18 1791 ⁴
260 1774 404 1818 annot.
433 1773 485 1818 4:

0 1788 22 1882 ζ
305 1841 333 1892 ¹)
363 1839 428 1881 De
470 1840 643 1882 vocibus
685 1840 849 1894 graecis
893 1839 1024 1894 „cala‚
1069 1843 1199 1893 scuta,
1247 1839 1428 1894 chartus,
1468 1839 1687 1896 lymphor“

148 1955 151 1961 Ι
363 1905 460 1948 vide
490 1906 610 1949 infra.

0 1906 21 2089 ἰ
302 1973 334 2026 ’)
364 1973 429 2015 De
438 1986 527 2016 voc.
538 1987 677 2028 graec.
689 1990 697 2015 :
713 1972 1402 2035 „caulphippelcphantoeamelos“
1414 1976 1455 2016 et
1469 1973 1688 2028 „moccho-

362 2039 587 2082 cinaedus“
619 2039 716 2082 vide
744 2040 864 2082 infra.

778 2239 813 2283 b.
859 2239 1005 2284 latina.

25 2393 29 2395 μ
167 2339 212 2390 α)
229 2337 403 2380 Graecis
419 2338 663 2393 praemissis
679 2342 848 2380 transeo
864 2339 920 2380 ad
935 2338 1065 2381 latina
1081 2339 1338 2394 appellativa
1358 2343 1470 2393 απαξ
1486 2341 1689 2396 λεγόμενα

54 2400 58 2402 ’
98 2403 326 2448 Luciliana.
384 2404 562 2458 Jamque
598 2404 677 2446 hoc
712 2419 803 2447 cum
839 2410 950 2447 recte
985 2405 1238 2448 contendere
1277 2407 1378 2448 mihi
1409 2407 1567 2459 videar,
1606 2421 1690 2450 non

97 2483 226 2526 posse
260 2471 428 2513 omnino
463 2486 488 2513 a
529 2471 686 2514 Lucilio
727 2472 821 2514 ficta
859 2486 954 2514 esse
992 2473 1119 2514 subst.
1158 2472 1224 2514 vel
1259 2473 1469 2527 primitiva
1514 2473 1581 2516 vel
1624 2488 1688 2527 ea,

99 2536 262 2591 quibus,
283 2550 391 2591 quae
410 2551 479 2580 res
496 2542 566 2580 aut
581 2551 788 2593 personae
805 2539 1138 2593 significarentur
1146 2571 1156 2591 ,
1178 2539 1283 2581 ultro
1300 2539 1545 2595 intellegere
1567 2554 1689 2583 nemo

98 2603 290 2658 potuerit,
323 2603 501 2658 primum
540 2604 643 2646 haec
673 2618 751 2647 sex
780 2605 967 2657 afferam,
1003 2619 1109 2659 quae
1140 2606 1237 2659 quin
1267 2605 1435 2648 aliunde
1465 2607 1688 2662 sumpserit

100 2668 299 2723 Lucilius,
327 2682 412 2712 non
440 2670 532 2726 ipse
562 2670 740 2724 finxerit,
771 2685 854 2714 non
883 2676 1021 2726 potest
1049 2672 1239 2715 dubitari.

212 2735 248 2778 1.
278 2735 498 2790 emissa,
536 2749 573 2778 v.
611 2737 718 2778 1182
759 2737 852 2786 (inc.
893 2737 1035 2792 LIX).
1107 2738 1320 2781 Invenitur
1361 2753 1428 2795 ap.
1466 2739 1582 2782 Paul.
1621 2740 1690 2783 lib.

100 2800 177 2842 111.
213 2814 268 2844 ex
304 2801 416 2844 Fest.
454 2816 494 2858 p.
530 2803 598 2855 44,
635 2803 679 2844 3:
718 2803 945 2858 „carissam
983 2804 1095 2860 apud
1134 2805 1335 2847 Lucilium
1375 2806 1536 2848 vafram
1581 2807 1687 2858 (cod.

62 2886 69 2893 ·
97 2866 232 2911 Mon:
263 2868 499 2924 „vafrum“)
529 2868 778 2923 signifieaffl.
838 2869 931 2920 Qua
960 2870 1014 2913 de
1043 2884 1146 2913 voce
1167 2885 1260 2914 cum
1290 2873 1457 2914 Liiwius
1488 2873 1530 2914 in
1551 2873 1689 2928 prodr.

6 2995 10 2998 ἡ
98 2947 141 2990 p.
177 2933 272 2988 304,
306 2939 391 2976 tum
423 2935 473 2976 G.
508 2935 548 2976 in
580 2934 684 2990 prol.
713 2950 754 2991 p.
786 2936 1002 2979 CXXXII.
1035 2952 1095 2991 sq.
1128 2942 1169 2980 ct
1196 2938 1383 2990 Jordan„
1415 2939 1528 2982 {ki-it.
1562 2939 1686 2983 Beitr.
