1910 3034
773 43 907 103 „47

106 287 110 289 Δ
191 253 599 299 rhetoricoteros
642 255 669 297 i.
712 268 749 297 e.
793 255 929 310 magis
973 254 1177 297 oratorius
1224 267 1266 296 v.
1308 252 1390 294 995
1438 252 1535 305 (inc.
1579 251 1672 304 62):

82 321 311 377 „Crassum
345 321 479 365 habeo
515 335 728 377 generum,
769 335 822 364 ne
856 320 1165 364 rhetoricotero'
1209 323 1254 361 tu
1297 319 1397 361 sis“.
1455 317 1673 360 Traditum

23 390 51 445 li
81 401 151 444 ap.
181 387 265 432 cio.
295 387 349 431 de
377 392 480 432 orat.
511 388 601 442 HL,
629 388 696 442 43,
730 388 820 443 171,
841 388 910 430 ubi
930 387 1020 430 cod.
1042 386 1312 429 Abi-incensis
1335 398 1415 439 „ne
1434 383 1672 426 rhaetorico

82 458 124 497 te
152 453 280 497 rufius
309 455 418 509 εἰεί,
447 455 491 496 in
519 454 612 497 aliis
646 453 730 496 alia
766 454 868 496 vitia
898 458 1003 496 sunt.
1062 453 1158 509 Adj.
1189 452 1355 507 quidem
1385 450 1673 506 „rhetoricus“

84 520 187 563 satis
216 521 426 576 cognitum
456 525 520 563 est
548 534 614 576 ap.
644 521 877 575 Romanos,
915 519 991 562 sed
1021 519 1127 562 conf.
1158 519 1206 561 L.
1237 517 1364 570 Mun„
1395 516 1448 559 de
1478 529 1524 558 re
1552 520 1671 558 metr.

83 601 124 643 p.
153 587 256 642 392,
293 590 336 630 et
370 600 518 630 comm.
547 601 587 642 p.
618 587 718 630 277:
755 586 1067 642 „comparativo
1102 585 1298 641 adjectivi
1329 583 1480 627 Graeci
1511 582 1673 626 Graeco

84 652 199 696 solus
227 653 335 696 inter
363 657 508 709 poetas
530 653 701 695 Latinos
732 667 831 695 usus
862 656 926 695 est
951 652 1174 694 Lucilius“.
1233 652 1406 705 „Neque
1435 647 1673 705 posteriori—

83 720 175 775 bus,
210 723 255 762 ut
281 719 342 762 ait
370 719 553 775 Herwig,
589 719 706 775 diss,
735 719 762 761 l.
792 719 819 761 l.
850 734 889 775 p.
922 719 986 773 13,
1016 719 1234 774 probatum
1265 723 1344 771 est,
1379 715 1490 771 quod
1519 727 1674 770 graeca

83 785 287 829 vocabula
328 786 405 839 „s“
437 785 575 828 littera
609 786 816 828 truncavit
852 785 1085 839 (Lucilius),
1125 783 1211 842 [cfr.
1254 783 1426 826 Lachm.
1466 782 1521 825 ad
1550 782 1673 824 Lucr.

84 867 126 908 p.
167 852 223 895 29
265 855 307 894 et
346 852 458 907 272],
495 852 612 908 cujus
651 852 842 895 licentiae
878 856 1046 908 praeter
1082 850 1183 894 illud
1219 850 1397 893 alterum
1434 848 1673 905 exemplum

85 922 170 961 est:
199 917 377 973 „scorpi'
414 918 550 960 cauda
586 918 748 960 sublata
786 921 842 971 (v.
878 919 946 972 30,
989 918 1124 971 110)“.
1163 943 1218 948 —
1248 917 1441 959 Ceterum
1475 929 1675 972 perverse

19 1006 31 1011 -
85 983 287 1038 Saalfeld,
323 983 408 1027 ind.
446 999 487 1040 p.
526 985 579 1026 70
611 984 713 1027 illud
749 984 1123 1038 „rhetoricoteros“
1153 997 1236 1025 non
1265 997 1375 1025 nom.
1407 983 1513 1038 sing.
1545 996 1674 1025 masc.

23 1063 30 1072 ’
83 1050 294 1108 adjectivi,
331 1050 407 1093 sed
435 1051 531 1093 adv.
566 1051 969 1108 ,,ρητορικωτὲρως“
999 1064 1094 1093 esse
1122 1054 1253 1106 putat,
1283 1049 1394 1104 quod
1422 1050 1493 1091 vix
1523 1048 1675 1092 refuta-

85 1117 200 1162 tione
228 1117 400 1174 dignum
428 1117 529 1160 mihi
557 1117 721 1160 videtur
751 1131 858 1160 esse.

196 1206 241 1263 β)
268 1207 334 1248 Ex
364 1207 535 1249 Homeri
563 1206 814 1249 carminibus
844 1205 951 1248 haec
981 1210 1076 1249 sunt
1103 1210 1256 1249 tracta:

196 1284 498 1339 eupatereia
533 1283 558 1326 i.
596 1296 632 1327 e.
671 1283 784 1326 claro
821 1287 941 1338 patre
977 1289 1090 1338 nata,
1127 1297 1165 1327 v.
1202 1284 1282 1325 471
1321 1284 1405 1338 (17,
1442 1284 1505 1337 2):
1542 1315 1591 1337 „.
1623 1318 1632 1327 .
1664 1315 1674 1324 .

19 1393 22 1396 ,
90 1348 246 1407 Τυρών
287 1349 571 1405 eupatereiam
613 1349 796 1404 aliquam
839 1363 927 1392 rem
971 1350 1178 1405 insignem
1220 1349 1419 1393 habuisse
1462 1364 1497 1393 e.
1535 1363 1574 1404 q.
1613 1351 1675 1391 sf‘

85 1416 156 1460 Sic
191 1415 259 1460 vel
299 1419 474 1470 Τυροῦν
508 1416 593 1471 (vel
627 1417 872 1473 Tyronem),
915 1429 969 1458 ne
1012 1416 1133 1459 elisio
1175 1416 1249 1459 fiat
1290 1420 1387 1459 ante
1431 1419 1676 1471 sequentem

16 1503 18 1506 >
83 1497 230 1527 vocem
258 1487 462 1539 „eupater
491 1518 500 1527 .
531 1516 542 1526 .
573 1518 582 1526 .
613 1484 667 1538 .“,
697 1486 739 1526 et
766 1483 1105 1539 „eupatereiam“
1139 1483 1229 1538 (Μ.)
1257 1483 1326 1527 vel
1355 1483 1675 1541 „cornaz-{paam

84 1550 165 1605 (sic
192 1550 243 1595 G.
271 1554 315 1593 et
342 1550 421 1604 L.),
450 1556 493 1592 ut
522 1549 621 1592 elidi
650 1549 784 1605 possit
811 1554 908 1592 ante
939 1563 1120 1604 sequens
1151 1550 1295 1594 vocab.
1317 1549 1568 1604 ‚,aliquam“,
1598 1563 1674 1605 pro

84 1615 247 1674 »Τυρὼ
279 1616 556 1672 εὐπατέρειαν
592 1615 779 1659 codicum
808 1617 1093 1659 Nonianorum
1130 1631 1170 1672 p.
1200 1618 1267 1671 25,
1296 1617 1349 1659 31
1380 1615 1674 1671 corrigendum

85 1687 128 1726 et
169 1682 431 1726 scribendum
470 1696 579 1736 esse,
615 1682 746 1725 Maus.
790 1682 996 1738 Hauptius
1030 1683 1072 1724 in
1116 1682 1348 1738 Philologo,
1390 1683 1424 1725 Ι.
1454 1698 1494 1739 p.
1527 1683 1606 1725 163
1636 1686 1677 1725 et

8 1780 20 1793 ,,
85 1749 134 1793 L.
163 1749 293 1805 Mun,
320 1748 468 1792 Rhein.
498 1748 604 1791 Mus.
634 1749 690 1791 24
718 1753 1014 1803 cognoverunt.
1044 1774 1098 1779 —
1128 1747 1212 1791 Gfr.
1240 1749 1278 1792 J.
1309 1763 1350 1805 p.
1379 1750 1474 1791 243·
1492 1774 1549 1780 —-
1566 1748 1674 1791 Vide

86 1815 131 1859 S.
167 1816 251 1860 ind.
289 1830 328 1872 p.
364 1816 405 1870 5,
443 1815 514 1870 qui
550 1815 590 1859 h.
630 1829 669 1857 v.
707 1815 831 1858 etiam
860 1815 1100 1858 Petronium
1134 1816 1187 1858 37
1226 1829 1347 1859 usum
1384 1829 1480 1859 esse
1509 1815 1672 1870 credat,

87 1881 164 1925 sed
197 1882 306 1925 hanc
334 1881 519 1924 Reinesii
555 1882 840 1938 conjecturam
875 1895 951 1938 pro
987 1882 1143 1924 tradita
1170 1896 1353 1937 veraque
1382 1882 1559 1925 lectione
1587 1882 1673 1937 „lu-

86 1948 248 2006 patria“
271 1948 363 2005 jam
392 1947 547 1990 dudum
577 1947 646 1991 Fr.
676 1947 881 1991 Biicheler
908 1948 951 1990 in
980 1948 1078 1991 edit.
1110 1964 1143 1990 s.
1173 1950 1340 1992 Petron.
1370 1963 1410 2005 p.
1441 1949 1496 1992 23
1524 1962 1548 1992 e
1577 1963 1673 1991 con-

85 2018 203 2059 textu
231 2015 366 2072 ejecit.
394 2039 450 2046 ——
470 2015 675 2058 Graecum
706 2014 807 2057 illud
836 2014 1142 2072 ,,εὕπατέρεια“
1177 2020 1318 2058 exstat
1345 2016 1465 2060 Iliad.
1501 2017 1540 2071 6,
1573 2016 1674 2071 292,

86 2081 242 2139 Odyss.
278 2082 345 2135 22,
382 2082 482 2138 227,
524 2080 653 2138 Τυρὼ
682 2081 931 2139 εὐπατέρεια
969 2081 1124 2138 Odyss.
1165 2084 1230 2137 11,
1267 2083 1361 2137 235,
1399 2083 1569 2138 saepius
1605 2096 1672 2138 ap.

86 2148 339 2203 posteriores
374 2152 523 2204 poetas
553 2149 751 2201 Graecos,
790 2148 905 2191 velut
939 2162 1006 2204 ap.
1035 2149 1114 2204 Ap.
1144 2149 1280 2191 Rhod.
1320 2150 1356 2204 1,
1384 2150 1484 2204 569,
1515 2149 1673 2193 Mosch.

91 2213 132 2269 2,
161 2214 235 2268 29,
264 2215 361 2256 Eur.
391 2215 516 2270 Hipp.
546 2216 612 2258 67.

196 2291 519 2348 euplocamos
549 2293 575 2336 i.
606 2306 642 2336 e.
672 2293 780 2335 bene
810 2298 980 2335 ornatus
1010 2293 1140 2336 comis
1169 2293 1331 2336 intortis
1360 2309 1392 2336 s.
1414 2293 1672 2336 calamistra-

85 2362 166 2413 tus,
195 2372 235 2401 v.
265 2359 346 2402 868
377 2359 461 2413 (30,
481 2359 572 2411 58):
603 2359 873 2414 „euplocamo
896 2359 1038 2414 digitis
1058 2359 1460 2414 discerniculumque
1479 2359 1674 2416 capillo“.

85 2425 236 2468 Exstat
269 2425 382 2468 idem
417 2439 508 2468 voc.
539 2425 694 2481 Odys&
731 2427 768 2479 5,
810 2427 907 2481 1253
943 2427 983 2480 5,
1020 2427 1120 2481 490,
1161 2428 1199 2482 7,
1234 2428 1308 2482 41,
1344 2427 1412 2482 20,
1442 2427 1515 2482 80,
1551 2426 1671 2469 Iliad.

89 2492 153 2546 11,
189 2491 290 2547 624,
329 2492 392 2546 18,
428 2492 484 2534 48
520 2492 788 2548 saepiusque,
825 2491 898 2534 cfr.
934 2497 1153 2547 praeterea
1189 2494 1285 2535 Eur.
1315 2493 1408 2549 Iph.
1447 2493 1541 2536 Aul.
1572 2493 1671 2535 791:

85 2557 238 2613 ,,εΰπλ.
269 2594 278 2602 .
309 2593 318 2602 .
348 2558 516 2615 '‘duaa“

195 2636 626 2693 καλλιπλόκαμος
643 2636 668 2679 i.
687 2649 723 2679 e.
743 2634 927 2691 pulchris
948 2635 1076 2678 comis
1097 2636 1323 2692 praeditus,
1344 2651 1384 2680 v.
1404 2637 1487 2680 469
1501 2637 1588 2695 (17,
1610 2639 1672 2692 1):

86 2714 211 2757 „num
240 2715 390 2745 censes
419 2701 785 2759 καλλιπλόκαμον,
816 2703 1115 2759 καλλίσφυρον
1142 2702 1269 2745 ullam
1295 2707 1381 2746 tum
1400 2704 1556 2747 licitum
1577 2718 1672 2747 esse

85 2771 250 2811 uterum
278 2773 402 2824 atque
433 2770 558 2812 etiam
587 2769 758 2824 inguina
785 2772 959 2824 tangere
989 2769 1179 2812 mammis
1190 2770 1242 2812 ‘?“
1272 2769 1344 2813 cfr.
1364 2770 1492 2825 Mun„
1523 2785 1670 2815 comm.

86 2847 128 2891 p.
160 2835 244 2878 240
271 2850 363 2891 sqq.
393 2839 434 2879 et
461 2836 611 2879 Rhein.
639 2835 746 2878 Mus.
775 2835 841 2878 24.
900 2835 1113 2878 Invenitur
1150 2849 1185 2880 e.
1216 2850 1277 2892 gr.
1307 2837 1428 2880 Iliad.
1466 2838 1532 2892 18,
1567 2837 1671 2893 407,

90 2901 156 2957 14,
182 2901 285 2958 326,
314 2905 538 2958 praeterea
565 2915 634 2958 ap.
662 2901 783 2944 Pind.
813 2900 878 2945 Ol.
907 2902 946 2958 3,
979 2902 1001 2944 1
1031 2906 1073 2945 et
1101 2903 1197 2948 Eur.
1228 2903 1321 2961 Iph.
1350 2904 1444 2949 Aul.
1476 2904 1596 2949 1040.

15 111 65 390 ἓ
195 167 197 170 ’
280 171 359 221 His
387 149 489 222 addi
518 182 673 234 potest:
