1780 3022
953 46 1008 89 70

182 195 282 236 vata
331 195 444 246 sunt,
487 193 769 235 Romanorum
821 191 986 247 scriptis
1030 192 1164 235 altera
1213 191 1294 234 hac
1334 194 1455 247 parte
1498 190 1733 248 perlustrab

185 259 320 311 Quam
350 273 443 301 eum
472 273 549 302 nec
577 259 709 300 fusius
739 257 866 300 velim
895 257 1082 313 pandere
1113 271 1251 312 neque
1281 271 1383 300 vero
1414 257 1540 314 plane
1575 257 1730 302 frustra

182 325 379 369 lectorem
408 326 474 380 iis,
494 339 601 379 quae
629 324 728 367 inde
757 326 809 367 ab
839 324 956 367 initio
976 325 1019 366 in
1049 339 1141 368 eam
1171 338 1259 367 rem
1289 324 1555 379 collegeram,
1575 325 1733 381 optimu

182 392 284 434 mihi
323 392 505 446 videtur,
543 391 667 434 modo
706 405 950 434 enumerare
988 393 1127 435 omnia
1161 417 1217 422 —
1252 391 1334 433 nisi
1373 404 1481 446 quae
1517 390 1734 447 diligentia

181 459 375 514 fugerunt
410 484 465 490 -
502 458 764 514 singulisque
800 458 1035 514 vocabulis,
1074 458 1261 514 exceptis
1297 457 1379 500 illis
1389 491 1400 513 ,
1445 471 1551 513 quae
1594 458 1669 502 sub
1705 458 1764 502 IV

184 530 225 570 et
253 527 306 568 X.
338 539 598 582 componam,
611 527 638 580 ι)
669 526 781 570 solos
811 530 999 570 veterum
1020 527 1267 583 scriptorum
1286 526 1569 568 Romanorum
1593 527 1635 568 et
1652 524 1771 568 inter*

183 597 345 648 pretum
375 593 653 636 recentiorum
682 594 840 637 addere
871 593 998 637 locos.

292 683 323 726 I.
368 683 431 726 Ac
474 683 651 738 primum
701 697 828 727 voces
877 697 1110 738 vocumque
1160 683 1317 726 formas
1361 682 1619 736 Lucilianus,
1670 692 1780 741 quae

181 753 348 805 praeter
383 750 588 793 Lucilium
627 751 756 794 semel
793 751 907 806 apud
944 751 1177 806 singulos
1220 749 1419 805 priores
1457 752 1604 805 poetas
1640 747 1780 804 neque

181 829 358 872 usquam
387 821 537 873 postea
567 821 735 860 exstant
763 818 956 873 traditae,
987 818 1224 860 invenimus
1254 817 1352 859 has:

181 895 412 949 Bruttas‚
445 897 524 938 atis
558 897 701 952 1181g
730 897 786 950 (3,
817 897 908 950 23),
940 896 1045 940 Enn.
1076 910 1115 938 v.
1145 896 1228 938 488
1259 895 1323 937 ed.
1355 893 1532 938 Vahlen.

183 961 409 1016 petimen
443 963 547 1005 1097
581 963 676 1016 (inc.
711 963 827 1020 101),
859 964 990 1006 Naev.
1022 977 1125 1006 com.
1159 963 1238 1005 122
1269 961 1334 1005 ed.
1367 960 1415 1004 Ο.
1446 960 1564 1004 Ribb.

182 1029 471 1084 praecisum
500 1030 580 1072 511
614 1031 697 1085 (20,
728 1031 789 1086 2),
821 1031 952 1074 Naev.
983 1043 1087 1073 com.
1117 1043 1157 1072 v.
1188 1029 1255 1072 65.

183 1095 441 1151 depuvere
465 1097 573 1139 1120
593 1097 687 1148 (inc.
709 1097 801 1152 94),
824 1099 955 1140 Naev.
978 1111 1081 1140 com.
1103 1111 1143 1140 v.
1167 1097 1258 1139 134.
1278 1121 1332 1126 —
1353 1094 1437 1138 Cfr.
1458 1095 1511 1138 K.
1531 1095 1580 1150 Ι.,
1599 1095 1693 1139 551.

183 1162 577 1218 redamptruare
606 1165 688 1207 282
718 1165 775 1221 (9,
807 1165 898 1220 62),
929 1166 1083 1208 Pacuv.
1114 1168 1220 1220 trag.
1242 1178 1281 1207 v.
1308 1163 1388 1206 106
1419 1162 1484 1206 ed.
1507 1162 1555 1206 O.
1575 1161 1695 1206 Ribb.
1750 1199 1766 1219 ¹.

182 1296 397 1339 blennus
427 1297 511 1340 510
541 1299 623 1352 (30,
658 1299 772 1351 106);
803 1299 939 1342 Plaut.
970 1299 1099 1342 Bach.
1134 1299 1251 1341 1088.
1284 1322 1339 1328 --
1367 1297 1498 1340 Lsswe
1526 1311 1566 1352 p.
1597 1295 1691 1339 265.

181 1364 455 1407 mantelum
488 1368 579 1421 (pro
609 1366 810 1420 mantele)
844 1367 950 1408 1178
974 1365 1028 1419 (5,
1051 1366 1142 1420 23),
1173 1365 1307 1409 Plaut.
1339 1368 1446 1421 capt.
1475 1364 1555 1406 521
1587 1363 1643 1418 (3,
1663 1363 1702 1416 3,
1723 1362 1780 1416 6).

181 1432 433 1486 terginum
465 1433 545 1475 713
578 1434 662 1487 (29,
693 1435 783 1489 38);
813 1433 948 1476 Plaut.
978 1432 1132 1475 Pseud.
1166 1433 1255 1476 152.
1318 1431 1416 1490 [Gfr.
1448 1432 1498 1475 N.
1529 1430 1577 1485 Ι.,
1606 1427 1717 1487 563]

181 1498 310 1540 trico
340 1499 423 1541 344
453 1501 537 1554 (11,
571 1500 639 1550 17)
669 1503 711 1543 et
739 1501 820 1542 348
850 1499 935 1555 (11,
957 1499 1049 1554 25),
1080 1499 1214 1543 Plaut.
1235 1499 1364 1542 Bach.
1389 1499 1472 1541 280
1493 1498 1549 1552 (2,
1572 1498 1610 1551 3,
1631 1497 1716 1550 46).

182 1564 390 1620 petilus,
420 1580 459 1619 a,
490 1579 559 1608 um
589 1566 672 1609 520
702 1567 788 1622 (22,
819 1566 882 1622 8),
913 1566 1049 1609 Plaut.
1079 1572 1181 1610 truc.
1213 1566 1252 1621 2,
1286 1566 1349 1620 17,
1388 1565 1451 1609 17.

184 1633 445 1675 strenuior
487 1634 569 1677 466
614 1634 700 1689 (16,
733 1634 822 1688 19);
867 1633 1002 1676 Plaut.
1033 1633 1154 1689 Epid.
1198 1633 1280 1675 442
1312 1633 1368 1687 (3,
1397 1633 1438 1687 4,
1471 1632 1553 1686 10).
1597 1655 1653 1661 --
1696 1629 1780 1673 cfr.

269 1700 319 1742 N.
350 1699 419 1754 II.,
453 1701 548 1756 1133
579 1701 633 1743 K.
663 1701 711 1756 Ι.,
742 1702 842 1757 370,
873 1702 922 1744 R.
953 1716 993 1757 p.
1025 1701 1118 1744 279.

185 1766 419 1810 abbitere
457 1768 496 1822 9,
534 1769 587 1811 27
618 1767 791 1824 (33011),
829 1768 962 1812 Plaut.
994 1767 1084 1811 rud.
1117 1768 1195 1809 777
1235 1771 1276 1810 et
1305 1765 1426 1822 Epid.
1457 1766 1496 1820 2,
1526 1765 1564 1818 2,
1605 1764 1683 1808 121
1715 1762 1780 1806 ed.

269 1833 359 1875 Jac.
394 1859 450 1864 ——
486 1834 568 1878 Gfr.
600 1834 649 1878 O.
679 1836 798 1879 Ribb.
838 1850 904 1891 ap.
936 1835 1062 1890 Jahn,
1097 1834 1242 1878 Jahrb.
1272 1832 1338 1875 fiir
1365 1831 1472 1875 Phil.
1504 1832 1569 1887 75,
1601 1831 1707 1874 1857
1737 1844 1780 1886 p.

268 1900 369 1956 3243
400 1901 455 1943 M.
486 1915 635 1945 comm.
665 1916 704 1958 p.
736 1902 838 1958 225,
870 1901 916 1945 F.
948 1901 975 1943 1.
1005 1901 1031 1944 l.
1063 1916 1103 1957 p.
1135 1901 1228 1944 237.

186 1966 476 2011 lamberare
512 1968 594 2011 523
632 1969 717 2024 (13,
751 1970 838 2025 11),
874 1969 1010 2012 Plaut.
1044 1967 1197 2011 Pseud.
1231 1967 1311 2009 743
1341 1967 1398 2021 (2,
1426 1966 1467 2020 4,
1497 1965 1581 2019 53).
1611 1989 1667 1995 ——-
1697 1962 1780 2008 cfr.-

269 2035 398 2078 Lowe
413 2050 453 2091 p.
483 2036 567 2078 330
596 2040 741 2079 contra
768 2037 901 2079 Prisc.
931 2051 972 2091 p.
1003 2035 1098 2089 884,
1128 2035 1178 2078 N.
1209 2034 1279 2088 II.,
1308 2033 1404 2087 500,
1433 2033 1487 2075 Κ.
1519 2032 1562 2084 Ι.,
1593 2032 1688 2075 562.

188 2101 509 2144 subblandiri
540 2102 620 2144 799
652 2103 734 2156 (29,
765 2103 856 2158 96),
886 2102 1022 2146 Plaut.
1052 2102 1157 2145 asin.
1193 2103 1228 2156 1,
1259 2102 1296 2154 3,
1328 2101 1382 2143 33
1412 2105 1452 2143 et
1483 2098 1652 2155 saepius
1682 2098 1738 2141 id.

187 2167 516 2210 clandestino
546 2168 628 2210 533
658 2169 741 2223 (26,
772 2169 862 2224 68),
893 2169 1028 2212 Plaut.
1058 2169 1142 2212 mil.
1173 2169 1213 2223 4,
1245 2169 1282 2221 1,
1315 2167 1368 2209 10
1394 2166 1526 2222 (956)

189 2234 482 2289 cumprimis
511 2235 540 2276 4
569 2236 624 2290 (1,
655 2236 719 2291 8)·
750 2235 885 2278 Plaut.
915 2239 1016 2279 truc.
1047 2236 1086 2290 3,
1119 2236 1156 2289 1,
1189 2236 1252 2279 15.
1319 2233 1402 2278 Gfr.
1431 2232 1539 2275 Phil.
1577 2232 1682 2275 Anz.
1712 2232 1778 2276 32.

187 2314 274 2343 ar
271 2323 314 2326 -
276 2300 399 2343 ad
427 2302 543 2344 33οἃ
573 2302 630 2358 (9,
661 2303 752 2358 30),
783 2302 917 2345 Plaut.
948 2306 1048 2346 truc.
1081 2303 1121 2358 2,
1159 2303 1196 2356 2,
1230 2302 1281 2344 18
1318 2300 1581 2357 saepiusque.
1610 2324 1666 2330 —
1695 2298 1778 2343 Cfr.

269 2368 321 2412 K.
353 2368 400 2423 Ι,
431 2369 524 2423 620,
555 2369 592 2412 J.
623 2384 663 2425 p.
695 2371 760 2423 92,
784 2370 980 2425 Gorssen,
1010 2370 1187 2426 Ausspr.
1218 2369 1264 2423 Ι,
1295 2369 1361 2411 89.

189 2501 420 2556 gracilus
458 2517 533 2558 pro
563 2503 732 2558 gracilis
763 2504 844 2546 266
875 2504 931 2559 (8,
965 2505 1026 2559 1)3
1065 2504 1162 2548 Ter.
1193 2504 1298 2545 Eun.
1328 2502 1411 2544 314
1440 2500 1496 2556 (2,
1529 2481 1568 2554 3,
1598 2499 1683 2555 23),
1712 2498 1780 2543 ubi

270 2567 490 2623 Umpfenb.
524 2570 761 2624 „gracilae“
795 2570 885 2612 sine
915 2584 1043 2613 causa
1072 2571 1114 2612 in
1137 2568 1369 2625 „graciles“
1397 2567 1581 2611 mutavit.
1611 2591 1667 2597 --
1696 2564 1780 2621 Cfrg

271 2636 319 2678 R.
351 2650 391 2690 p.
421 2636 504 2677 274
533 2640 573 2677 et
601 2636 653 2679 K.
685 2637 731 2690 Ι.,
762 2637 857 2679 350.

306 2779 328 2821 ¹)
354 2778 405 2811 De
428 2777 480 2812 his
505 2779 669 2820 conferas,
694 2790 759 2823 qua
782 2779 855 2823 ipse
882 2779 1018 2824 praeter
1041 2778 1136 2814 Fore.
1172 2779 1205 2812 et
1229 2777 1325 2814 Gess.
1350 2777 1540 2812 Thesauros
1572 2778 1607 2811 et
1637 2777 1780 2811 annota-

189 2833 298 2867 tiones
330 2833 655 2878 commentariosque
685 2833 851 2868 editorum
884 2835 918 2868 et
956 2844 1031 2868 mea
1061 2834 1166 2878 ipsius
1199 2835 1356 2877 excerpta
1395 2833 1556 2867 continuo
1587 2842 1667 2866 usus
1695 2841 1780 2874 sum,

191 2887 269 2923 VII.
294 2887 441 2922 editione
466 2887 643 2932 Georgesii
666 2889 780 2925 lexici:
806 2889 872 2930 ,‚K.
898 2889 936 2926 E.
962 2888 1123 2933 Georges,
1148 2889 1320 2926 Ausfiihrl.
1344 2888 1630 2926 Lat.-Deutsches
1659 2886 1778 2922 Hand-

191 2942 413 2979 worterbuch.
467 2942 626 2977 Siebente
660 2944 729 2978 fast
762 2944 917 2987 giiiizlich
949 2945 1218 2989 umgearbeitete
1256 2946 1319 2981 etc.
1354 2944 1475 2987 Ausg..
1510 2941 1649 2987 Leipzig
1683 2941 1780 2978 1880·
