1910 3034
1039 39 1094 82 56
1767 8 1770 35 ³
1830 4 1831 7 ¹
1860 12 1881 62 3

382 175 474 219 Gel.
504 175 607 218 Anz.
638 174 759 227 1873,
799 173 904 214 1401
937 172 1054 228 sqq.“
1085 171 1263 227 scripsit,
1303 183 1378 213 suo
1408 169 1506 226 jure
1532 169 1702 226 obstitit,
1739 184 1882 227 quare.

380 241 521 284 dicere
552 239 672 295 plura
701 239 754 281 de
785 239 864 281 hoc
894 238 984 280 loco
1015 237 1294 294 supersedere
1326 250 1510 293 possum.
1544 261 1600 269 —
1803 234 1805 236 ’

378 309 416 350 Α
447 306 616 349 nomine
637 306 806 362 proprio
826 318 953 348 unum
982 303 1067 360 adj.
1089 300 1162 348 ἅπ.
1184 310 1270 361 λεγ.
1301 303 1562 347 Lucilianum
1581 304 1749 349 ductum
1770 319 1868 349 esse

268 374 412 418 nescio
442 388 496 416 an
520 374 616 430 jure
647 376 838 429 putemus
869 371 967 414 hoc:

381 439 658 494 Troginus,
689 452 728 482 v.
759 439 841 481 869
872 439 956 493 (30,
980 438 1096 491 104):
1126 438 1250 493 „cuia
1270 452 1401 494 opera
1420 438 1620 494 Troginu’
1650 438 1763 482 calix
1790 453 1868 496 per

269 510 409 550 castra
438 507 645 549 cluebat.“
711 505 782 548 Sic
811 505 921 546 enim
951 519 1018 560 ap.
1049 506 1156 549 Non.
1193 519 1233 560 p.
1265 505 1331 559 81,
1362 505 1413 547 31
1446 508 1488 548 et
1516 505 1584 560 87,
1613 506 1682 560 32,
1718 506 1868 562 quibus

270 573 374 617 locis
404 573 467 616 bis
497 572 608 615 idem
638 571 831 614 laudatur
860 584 1022 623 verSUS,
1053 570 1251 614 traditum
1281 575 1359 627 est,
1395 572 1468 626 ita,
1505 575 1550 614 ut
1584 571 1658 615 vix
1687 571 1868 616 dubitari

272 640 418 695 possit,
450 639 550 694 quin
569 638 691 681 lectio
711 651 815 680 vcra
835 638 1101 692 „Troginus“
1133 637 1199 691 sit,
1231 639 1271 680 h.
1298 652 1333 682 e.
1356 638 1611 694 adjectivum
1631 638 1867 682 derivatum

270 720 296 748 a
331 719 440 748 nom.
479 717 620 760 propr.
665 703 777 758 quod
815 707 879 747 est
914 704 1150 758 „Trogus“,
1195 704 1232 746 si
1268 705 1451 747 Turnebi
1487 705 1701 761 sequimur
1741 705 1867 748 inter-

270 771 567 826 pretationem3
606 784 855 825 quamquam
886 770 998 812 idem
1029 770 1154 812 etiam
1185 770 1239 813 de
1267 772 1517 823 „Trocinis“
1547 771 1682 815 Gallis
1712 772 1867 827 cogita-

270 841 399 880 verat.
460 837 542 880 Cfr.
575 837 629 879 M.
662 851 809 879 comm.
841 851 880 891 p.
902 837 996 878 271.
1055 837 1231 879 Praeter
1260 851 1350 879 rem
1371 837 1560 892 Scaliger
1590 838 1671 881 hoc
1690 838 1866 893 „Trogi-

270 905 376 946 nus“
406 904 448 946 in
478 903 719 958 „terginus“
756 904 781 947 i.
814 917 850 945 e.
882 905 1126 956 ‚,scorteus“
1168 904 1358 958 mutavit,
1395 904 1508 959 quod
1535 904 1622 961 adj.
1658 918 1867 960 nusquam

271 974 422 1013 exstat.
487 970 593 1012 Vide
624 970 749 1013 etiam
779 970 910 1013 L'owe
939 985 978 1026 p.
1010 971 1106 1024 333,
1143 970 1214 1025 qui
1247 970 1402 1013 Isidori
1436 970 1624 1025 glossam
1654 971 1867 1026 quandam

276 1037 502 1090 „trocinusz
549 1042 691 1079 sectae
734 1050 867 1091 genus
911 1036 1129 1090 arduum“,
1166 1050 1291 1091 quam
1321 1036 1512 1092 Scaliger
1554 1050 1778 1093 perperam
1811 1036 1868 1079 ad

270 1102 474 1146 Lucilium
494 1103 721 1157 rettulerat,
754 1102 814 1144 sic
834 1102 1023 1156 corrigit:
1057 1101 1273 1156 „trochusz
1305 1106 1421 1145 rotae
1443 1116 1578 1158 genus
1607 1103 1663 1146 ad
1684 1103 1887 1147 ludum.“.

410 1168 543 1210 Simul
589 1169 811 1211 Homerico
862 1168 934 1210 illo
984 1167 1196 1223 adjectivo
1252 1183 1279 1211 a
1326 1182 1437 1211 nom.
1485 1182 1626 1225 propr.
1675 1169 1868 1213 derivato

271 1234 569 1289 ,,Ἰξιόνιος“
612 1235 730 1277 hisce
773 1234 914 1277 verbis
963 1248 1017 1276 ex
1069 1234 1118 1275 Il.
1172 1235 1245 1288 14,
1297 1235 1377 1276 317
1431 1235 1628 1290 sumptis:
1668 1235 1870 1293 Ἰξιονίης

270 1301 476 1358 ἀλόχοισι(
506 1302 631 1344 utitur
660 1315 699 1343 v.
730 1301 783 1343 28
814 1302 870 1356 (1,
901 1301 991 1354 25):
1023 1304 1096 1355 „ut
1125 1301 1379 1344 contendere
1409 1315 1582 1357 possem
1611 1301 1868 1345 Thestiados

270 1368 414 1411 Ledae
455 1371 581 1422 atque
625 1368 823 1422 „Ixiones
872 1367 1188 1421 alcllolocheo‘⁴,
1233 1367 1344 1422 quod
1388 1367 1617 1410 Mercerius
1665 1371 1778 1412 recte
1824 1368 1869 1410 in

269 1434 482 1488 „Ixionies
513 1434 745 1477 alochoeo“
775 1434 974 1489 correxit,
1010 1434 1255 1489 intelligitur
1284 1435 1394 1477 enim
1425 1435 1520 1490 Dia,
1556 1435 1717 1478 Ixionis
1747 1447 1866 1478 uxor.

268 1501 334 1543 De
364 1501 673 1545 sententia-cfr.
704 1501 876 1544 Lachm.
908 1500 1006 1544 edit.
1039 1516 1077 1556 p.
1109 1501 1136 1542 4
1165 1504 1306 1544 annot.

380 1569 445 1624 5³)
475 1569 594 1611 Haec
628 1567 809 1622 denique
846 1571 1016 1610 exstant
1052 1567 1136 1624 adj.
1175 1567 1475 1623 composita,
1507 1581 1615 1622 quae
1645 1566 1814 1622 quidem
1842 1581 1870 1609 a

269 1633 429 1677 Lucilio
460 1635 557 1676 ficta
587 1647 683 1677 esse
712 1647 796 1676 non
825 1637 981 1676 temere
1012 1634 1266 1677 contendere
1295 1633 1399 1676 mihi
1428 1633 1594 1677 videor:

379 1700 561 1756 agipes
599 1700 625 1744 i.
666 1713 702 1743 e.
738 1699 891 1755 pedem
926 1714 1060 1755 agens
1095 1701 1121 1743 i.
1160 1715 1195 1744 e.
1235 1700 1358 1755 celer,
1397 1713 1436 1742 v.
1477 1700 1584 1743 1098
1623 1701 1719 1754 (inc,
1751 1699 1868 1754 102):

270 1766 445 1822 „agipes
476 1770 520 1808 ut
538 1780 685 1809 vocem
714 1766 879 1808 mittere
899 1765 1076 1821 coepit“.
1135 1765 1204 1808 Ad
1234 1766 1347 1820 quod
1366 1766 1480 1809 Fest.
1505 1781 1544 1822 p.
1575 1766 1676 1808 210:
1711 1765 1868 1822 „peda-

269 1833 376 1875 rium
412 1837 666 1887 senatorem,
702 1832 848 1887 inquit,
887 1832 1097 1887 significat
1126 1832 1309 1875 Lucilius
1348 1846 1473 1887 quom
1509 1832 1584 1875 ait:
1627 1833 1798 1888 „agipes
1828 1846 1868 1875 u.

269 1912 309 1940 v.
346 1913 398 1942 m.
436 1898 514 1953 c.“,
553 1899 623 1953 qui
656 1899 716 1941 ita
752 1899 1000 1954 appellatur,
1038 1900 1137 1955 quia
1172 1902 1322 1943 tacitus
1359 1899 1616 1943 transeundo
1660 1899 1717 1943 ad
1760 1913 1869 1955 eum,

271 1964 387 2021 cujus
423 1965 672 2007 sententiam
707 1965 875 2020 probat,
912 1966 1013 2020 quid
1050 1966 1204 2009 sentiat
1245 1966 1444 2010 indicat“.
1517 1966 1711 2010 Ceterum
1755 1966 1871 2010 nulla

269 2035 445 2086 cogente
466 2045 597 2074 causa
616 2032 663 2076 L.
695 2032 775 2074 hoc
806 2031 1006 2087 „agipes“
1037 2032 1081 2074 in
1106 2033 1212 2087 „Gai
1231 2034 1331 2088 pes“
1356 2036 1543 2075 mutasse
1571 2037 1763 2088 apertum
1785 2035 1868 2088 est,

269 2098 446 2153 primum
486 2098 595 2141 enim
644 2099 843 2154 „agipes“
890 2098 994 2141 nihil
1036 2099 1117 2141 nisi
1161 2098 1304 2154 lepida
1346 2099 1461 2140 vocis
1510 2099 1758 2154 „pedarius“
1797 2113 1868 2142 ex-

269 2165 479 2220 superatio
522 2179 597 2220 per
640 2166 776 2208 iocum
819 2179 846 2207 a
882 2165 1041 2207 Lucilio
1078 2164 1176 2207 ficta
1211 2164 1312 2206 mihi
1348 2163 1512 2207 videtur
1554 2178 1669 2220 esse3
1714 2164 1871 2208 deinde

269 2230 446 2284 quadrat
478 2231 675 2286 „agipes“
714 2231 842 2274 multo
871 2231 1020 2274 melius
1059 2231 1115 2274 ad
1145 2244 1336 2285 sensum,
1375 2244 1467 2273 cum
1503 2231 1628 2273 homo
1665 2231 1867 2287 „agipes“

269 2296 435 2351 quidem
466 2310 544 2339 nec
564 2297 775 2340 mehercle
792 2312 870 2354 pes
891 2298 1067 2355 alicujus
1091 2299 1290 2354 „vocem“
1311 2298 1476 2341 mittere
1501 2298 1656 2354 possit;
1687 2297 1870 2353 denique

267 2362 479 2418 adjectiva
515 2377 609 2407 cum
649 2366 830 2420 „—pes“
863 2366 1109 2420 composita,
1145 2365 1259 2408 velut
1291 2364 1364 2407 illa
1394 2363 1651 2420 „celeripes“
1683 2378 1751 2420 ap.
1782 2363 1867 2406 Cic.

266 2428 322 2470 ad
350 2428 434 2473 Att.
473 2430 511 2483 9,
553 2431 590 2484 7,
630 2431 672 2486 13
711 2432 870 2473 Auson.
902 2432 1032 2486 epigr.
1065 2431 1158 2485 146,
1188 2432 1261 2486 323
1298 2434 1458 2486 parent.
1489 2430 1556 2484 27,
1585 2431 1614 2471 4
1643 2433 1684 2472 et
1716 2429 1868 2484 „tardi-

268 2495 368 2549 pes“
407 2509 473 2550 ap.
506 2495 655 2538 Catull.
685 2498 752 2552 36,
792 2498 814 2539 7
861 2501 901 2540 et
931 2497 1019 2540 Col.
1050 2500 1159 2553 poet.
1193 2498 1258 2552 10,
1288 2498 1383 2551 419,
1418 2496 1743 2551 haudquaquam
1771 2509 1870 2539 rara

267 2559 380 2614 apud
410 2561 582 2604 Latinos
615 2564 839 2618 scriptores
869 2564 1148 2607 inveniuntur.

378 2628 772 2672 contemnificus
802 2630 826 2673 i.
859 2643 893 2673 e.
926 2629 1165 2686 despiciens
1197 2643 1228 2673 s.
1261 2628 1481 2685 quodnos
1511 2628 1708 2671 dicimus:
1747 2641 1865 2684 „ver-

266 2690 449 2733 'achtlich
485 2692 683 2749 thucnd“,
719 2710 758 2737 v.
796 2697 877 2738 548
908 2697 992 2751 (26,
1022 2697 1114 2748 41);
1150 2709 1262 2751 „ego
1293 2696 1403 2738 enim
1433 2694 1747 2739 contemnificus
1776 2693 1867 2737 fieri

268 2759 310 2798 et
338 2757 527 2799 fastidire
557 2759 930 2813 Agamemnonis“.
989 2762 1153 2805 Fictum
1184 2766 1249 2805 est
1268 2762 1381 2804 haud
1401 2761 1526 2804 dubie
1548 2775 1625 2816 per
1644 2760 1867 2804 ludibrium

266 2821 321 2863 ad
351 2822 532 2876 tragicos
564 2826 813 2881 carpendOS,
853 2841 957 2882 quos
987 2828 1166 2870 audacia
1195 2832 1237 2870 et
1265 2828 1499 2883 frequentia
1529 2827 1725 2870 similium
1754 2839 1867 2869 com-

264 2888 494 2942 positorum
524 2890 637 2932 velut
662 2891 1034 2948 „flammicomans,
1055 2894 1322 2949 frugiferens,
1344 2894 1646 2937 raucisonans“
1671 2891 1867 2936 floruisse
