1780 3022
59 219 62 222 ’
105 227 117 281 ,⁴
189 217 353 266 amnt:
380 216 561 260 Versum
579 214 660 258 687
682 210 1066 267 (28,15):„eidola
1082 213 1209 266 atque
1226 208 1391 252 atomfis
1410 206 1581 250 vincere

50 283 55 294 '
102 285 275 344 Epicuri
291 284 445 329 volam‘
447 284 460 307 ‘
478 281 636 326 Nonius
656 280 754 323 ideo
775 279 895 322 nobis
916 276 1112 331 servavit,
1134 274 1248 332 quod
1266 273 1400 328 illud,
1403 272 1584 328 ,“volam

23 375 41 411 ἃ·
102 366 190 397 ιιοιι
215 351 397 395 futurum
431 349 481 404 1.,
518 347 595 391 sed
632 346 740 402 conj.
770 358 908 402 praes.
944 345 1063 387 verbi
1092 342 1261 399 „velle“
1298 354 1394 384 esse
1423 339 1585 397 putavit

102 433 181 477 pro
210 417 405 474 „velim“.
477 415 562 459 Ofr.
590 415 653 467 R„
684 428 726 470 p.
756 413 837 456 283
872 413 993 455 etN.
1022 411 1091 463 H.
1125 409 1219 453 607.
1293 407 1379 451 Sed
1417 405 1585 450 eumin

105 486 245 543 scirpo
271 484 428 528 nodum
458 481 719 538 quaesivisse
748 479 848 522 mihi
877 478 1047 534 quidem
1076 479 1266 533 apertum
1295 477 1369 517 est.

106 576 167 630 3²)
203 573 346 619 eluvi
383 572 455 626 (Μ
485 571 611 625 elovi)
641 583 756 627 pro,
761 568 884 623 ,elui“
920 582 946 610 a
975 567 1104 609 verbo
1141 563 1253 620 quod
1290 566 1399 616 est,
1403 561 1586 616 ,“elnere

0 643 28 687 i.
57 654 95 686 e.
122 653 317 698 purgare,
347 654 388 682 v,
408 639 490 682 536
520 638 604 694 (26,
629 637 758 691 61):,
762 637 815 691 ‚si
844 635 912 678 hic
930 634 1183 677 vestimenta
1203 630 1333 674 eluvit
1351 629 1450 682 luto,
1478 627 1587 671 adeo

0 707 124 757 risum
165 721 363 762 magnum
391 705 632 762 imprudens
676 717 726 746 ac
769 702 1013 745 cachinnum
1058 699 1245 742 subicitf‘
1304 695 1436 740 Codd.
1479 695 1587 738 Non.

0 775 95 831 103,
123 774 180 819 29
208 774 425 818 exhibent:
458 771 628 827 „elevit.
658 769 893 823 maculavit,
924 767 1055 811 Lucil.
1086 766 1123 809 si
1150 765 1218 808 hic
1242 778 1278 807 e.
1309 778 1348 819 q.
1371 779 1403 807 s.
1407 765 1433 786 “
1491 761 1589 812 Qui-

0 843 76 887 bus
103 841 244 886 verbis
271 840 452 884 Nonium
479 838 749 881 vehementer
778 835 958 879 delirare
986 834 1143 890 primus
1173 831 1345 874 Lachm.
1380 828 1589 884 cognovit,

0 909 85 967 qui,
113 921 208 952 cum
242 911 371 950 antea
398 905 547 948 Lucilii
576 905 825 960 interpretes
863 916 951 946 voc.
991 900 1204 956 „elincre“
1241 899 1349 942 alias
1385 909 1592 951 nusquam

0 974 198 1022 nclitum
225 973 385 1017 Lucilio
410 971 708 1027 ascripsissent
735 970 862 1025 idque
892 982 1007 1024 pro,
991 934 1254 1010 ''¹‘macnlare
1282 965 1465 1022 positum
1494 977 1593 1006 esse

0 1042 279 1088 tradidissent
313 1039 404 1095 (cfr.
442 1039 632 1094 Georges
670 1038 774 1080 Lex.
812 1036 884 1079 VI.
930 1035 994 1079 ed.
1033 1040 1074 1077 et
1111 1035 1161 1078 G.
1196 1033 1302 1090 prol.
1341 1031 1514 1076 CXLII.
1550 1035 1592 1072 et

0 1103 55 1163 K.
83 1109 132 1164 1.,
159 1108 272 1162 564),
302 1105 519 1164 praeclare
538 1105 719 1160 „elevit“
740 1105 783 1146 in
803 1103 987 1158 „eluvit“
1009 1102 1203 1145 correxit.
1262 1100 1347 1144 Gfr.
1366 1099 1422 1142 M.
1442 1111 1592 1141 comm.

0 1189 45 1235 p.
70 1176 156 1220 250
182 1180 225 1218 et
252 1173 307 1216 de
335 1188 380 1216 re
411 1178 527 1216 metr.
559 1187 599 1228 p.
629 1173 750 1217 246ss

114 1263 258 1309 scabi
299 1262 402 1319 perf.
440 1261 631 1304 vocabuli
667 1261 779 1316 quod
816 1265 924 1303 est.
918 1260 1161 1313 ,¹‚scabere‘
1198 1271 1237 1301 v.
1274 1256 1356 1299 296
1401 1255 1463 1310 (9,
1501 1254 1593 1308 77):

4 1333 227 1411 „scaber-at
252 1333 299 1372 ut
317 1342 467 1385 porcus
489 1329 675 1371 contritis
695 1327 846 1371 arbori'
879 1304 1018 1369 costis,
1024 1327 1049 1348 “
1107 1325 1187 1376 Qui
1217 1324 1334 1366 locus
1354 1321 1596 1365 Lucilianus

5 1402 151 1445 unicus
180 1396 348 1445 omnino
377 1400 455 1450 est,
485 1396 554 1438 ubi
582 1394 797 1451 praeteriti
824 1393 1023 1449 temporis
1045 1392 1180 1435 forma
1207 1390 1325 1434 verbi
1343 1389 1454 1432 illius
1485 1386 1597 1443 quod

6 1461 274 1504 estscabere
328 1462 549 1505 invenitur.
577 1487 633 1493 —
663 1462 748 1505 Cfr.
778 1462 828 1506 N.
858 1461 927 1515 H.,
956 1460 1040 1502 500
1069 1459 1192 1502 etK.
1221 1458 1269 1512 1.,
1298 1457 1394 1499 581.

205 1562 371 1607 annot:
408 1562 508 1606 Sine
538 1562 624 1604 ulla
654 1576 782 1605 causa
816 1561 871 1604 M.
908 1575 948 1603 v.
985 1561 1039 1603 58
1076 1560 1133 1615 (2,
1168 1559 1230 1612 7):
1269 1570 1407 1613 „nunc
1440 1569 1596 1599 nomen

117 1627 329 1684 vitamque
358 1629 449 1680 (M.:
478 1629 729 1672 Nomentani
750 1633 873 1684 quae)
904 1642 956 1671 ex
988 1627 1161 1670 testibus
1190 1626 1283 1682 ipse
1307 1623 1495 1681 rogando
1525 1636 1596 1666 ex·
1685 1656 1689 1657 ν

119 1695 269 1751 eulpo“
304 1695 407 1738 illud
435 1696 681 1752 „exculpo“,
719 1695 830 1751 quod
867 1708 1011 1738 omnes
1047 1693 1169 1737 codd.
1200 1693 1308 1736 Non.
1336 1706 1377 1748 p.
1412 1691 1506 1746 102,
1545 1690 1597 1732 18

120 1761 331 1811 exhibent,
369 1776 462 1805 cum
491 1763 706 1818 Scaligero
740 1763 783 1804 in
813 1762 1048 1818 „exculpi“‚
1084 1774 1193 1816 quae
1221 1772 1430 1814 nusquam
1460 1760 1602 1800 exstat

118 1827 267 1884 forma,
297 1843 372 1885 pro
394 1829 659 1886 „exsculpsi·‘
681 1830 867 1874 mutavit.
926 1829 1020 1880 Qua
1039 1828 1092 1870 de
1112 1827 1292 1870 audacia
1317 1825 1439 1883 plura
1458 1824 1601 1867 dicere

121 1895 399 1952 supersedere
429 1910 613 1952 possum.
672 1896 756 1939 Cfr.
787 1895 837 1947 Q.
868 1896 894 1938 l.
926 1896 951 1939 1.
983 1910 1023 1952 p.
1055 1895 1136 1938 362
1166 1900 1206 1937 et
1235 1895 1286 1939 N.
1317 1893 1386 1949 H.,
1414 1893 1511 1935 491.

121 1997 180 2052 ζ’)
215 1997 448 2053 pertisus
483 2011 559 2054 pro
594 2002 834 2054 pertaesus,
872 1997 954 2040 842
991 1997 1089 2050 (inc.
1122 1996 1240 2049 169);
1285 2007 1396 2050 „quo
1429 1993 1602 2036 facetior

11 2063 184 2108 videare
216 2068 260 2107 et
294 2065 402 2108 scire
438 2064 532 2120 plns
569 2078 694 2119 quarn
723 2064 864 2118 ceteri,
893 2063 1095 2119 pertisum
1124 2062 1348 2116 hominem,
1385 2074 1471 2103 non
1508 2073 1601 2115 per-

0 2131 174 2187 ¹hesum
201 2130 317 2174 dices
346 2145 560 2174 erumnam
588 2133 762 2187 genuS.‘²
791 2156 846 2162 —
877 2131 959 2174 Cfr.
990 2130 1102 2172 Fest.
1140 2130 1221 2172 273
1252 2130 1311 2183 (a)
1341 2128 1387 2170 9:
1432 2127 1601 2182 „reder-

13 2196 177 2252 gaisae,
223 2210 300 2253 per
346 2211 371 2240 e
417 2197 617 2252 litteram,
667 2198 808 2253 Scipio
855 2197 1077 2239 Africanus
1125 2195 1247 2238 Pauli
1293 2194 1404 2237 filius
1453 2193 1604 2236 dicitur

14 2263 266 2317 enuntiasse,
308 2267 355 2307 ut
381 2263 495 2308 idem
523 2265 652 2307 etiam
682 2265 894 2320 pertisum,
933 2264 1050 2319 cujus
1079 2262 1268 2305 meminit
1296 2262 1482 2304 Lucilius
1511 2274 1605 2304 cum

14 2329 93 2374 ait:
125 2343 163 2372 e.
192 2345 232 2386 q.
263 2332 326 2374 s.“
359 2356 415 2362 —
449 2331 518 2374 Ad
554 2331 666 2386 quod
700 2331 771 2374 cfr.
811 2331 895 2373 Cic.
926 2330 979 2373 de
1020 2344 1079 2374 or.
1117 2331 1154 2384 1,
1188 2331 1228 2384 6,
1265 2330 1347 2372 255
1377 2333 1419 2372 et
1447 2343 1507 2373 or.
1535 2329 1604 2382 48,

16 2396 110 2440 159.
135 2421 194 2429 —
221 2397 304 2442 Ofr.
333 2398 378 2440 in
395 2398 636 2442 universum
657 2398 706 2442 Ο.
726 2398 927 2452 Ribbeck,
956 2397 1106 2441 Jahn’s
1133 2397 1278 2440 Jahrb.
1309 2396 1429 2451 1857,
1459 2410 1501 2453 p.
1520 2396 1604 2438 322

17 2466 62 2507 et
86 2463 283 2519 Gorssen,
309 2465 486 2522 Ausspr.
516 2466 564 2521 1.,
597 2466 689 2508 192.

127 2552 427 2597 suffercitus
470 2568 546 2610 pro
584 2554 798 2607 suffertus,
836 2567 875 2597 v.
911 2553 994 2595 448
1031 2554 1120 2606 (15,
1158 2552 1250 2606 37):
1298 2551 1474 2608 „subicit
1508 2550 1607 2594 huie

15 2617 216 2663 humilem
251 2624 293 2664 et
326 2621 550 2664 suffercitu'
581 2621 894 2677 posterioreni.“
962 2620 1033 2663 Sic
1069 2619 1270 2664 exhibent
1305 2632 1450 2662 omnes
1481 2617 1608 2666 Gellii

16 2699 63 2744 ιι.
87 2686 129 2742 4,
159 2687 225 2742 17,
253 2688 294 2743 3,
330 2688 399 2743 qui
434 2687 546 2730 hunc
571 2687 746 2730 tradidit
780 2687 931 2742 locum,
968 2686 1134 2730 codices
1164 2691 1290 2742 atque
1325 2685 1384 2729 ita
1411 2676 1606 2727 Hertzius

18 2763 184 2811 quoque
212 2767 439 2809 omnesque
470 2754 618 2797 Lucilii
647 2754 850 2809 editores3
886 2767 1136 2809 quamquam
1165 2757 1251 2796 tam
1280 2751 1394 2796 facili
1421 2742 1611 2795 mutandi

21 2820 241 2864 counione
274 2820 375 2863 data
396 2821 487 2877 jam
515 2821 679 2877 pridem
707 2821 822 2863 nulla
850 2825 1028 2876 cogente
1057 2833 1189 2864 causa·
1212 2834 1240 2863 a
1266 2819 1477 2863 nonnullis
1506 2819 1609 2861 viris

23 2884 177 2942 doctis,
218 2886 334 2931 velut
373 2901 400 2930 a
434 2888 580 2930 Dousa
621 2902 677 2944 p.,
722 2888 955 2942 Gronovio,
998 2887 1200 2931 Ktihnero
1235 2887 1267 2931 I.
1311 2901 1354 2943 p.
1390 2887 1474 2930 554
1507 2884 1610 2928 illud

24 2952 311 3010 „suffercitus“
330 2957 535 2997 mutatum
564 2958 640 2999 est.
660 2979 717 2986 —
735 2954 786 2997 N.
815 2954 880 2996 Π2
907 2955 990 2996 564
1016 2954 1061 2997 ιιι
1080 2954 1219 2998 medio
1247 2967 1337 2997 rem
1355 2953 1535 3009 reliquit.
1554 2977 1611 2984 —
