1910 3034
1007 65 1066 109 44

355 200 570 256 eujusdam
591 201 810 257 genetivus
834 201 951 257 plur„
983 215 1103 256 qucm
1123 203 1268 246 Dousa
1297 207 1338 246 et
1357 203 1404 247 L.
1437 203 1509 258 (ad
1530 203 1650 247 Lucr.
1670 205 1711 260 6,
1731 205 1830 258 233)

354 266 597 323 ..jugerum“
628 267 693 310 vel
720 268 1022 323 ‚,jugererum“‚
1056 269 1216 312 Keilius
1238 273 1489 323 ‚,naverum“
1518 284 1550 314 s.
1572 270 1830 325 ,‚nicterum“

352 334 420 376 vel
440 341 723 387 ‚,nuecerum“,
746 335 819 376 M.:
841 336 1087 388 „naterum“
1108 335 1251 391 legere
1271 337 1350 379 sibi
1369 337 1449 380 visi
1470 341 1576 382 sunt.
1625 337 1830 394 Equidem

352 400 546 444 lectorem
577 415 667 443 cum
698 415 765 443 res
796 404 879 443 tam
910 401 1070 444 incerta
1101 402 1155 444 sit
1182 402 1238 444 ad
1266 404 1329 456 N„
1361 403 1407 456 1.‚
1447 404 1529 446 283
1559 403 1662 446 satis
1691 403 1829 448 habeo

351 467 586 521 delegasse,
617 467 682 509 cui
712 467 755 508 id
785 467 1071 510 tantummodo
1101 467 1341 524 adJungaln,
1380 469 1450 525 agi
1480 470 1662 512 fortasse
1691 469 1759 513 hic
1786 475 1832 514 ut

353 534 519 589 saepius
550 533 602 576 de
635 534 854 589 epenthcsi
884 533 1065 589 quadam
1096 534 1286 590 syllabae
1319 538 1474 590 ,‚-—e1·“
1510 536 1564 579 de
1599 550 1682 592 qua
1711 536 1830 593 plura

350 616 417 656 ap.
448 601 485 643 J.
516 616 554 656 p.
586 602 679 644 238.

730 747 940 788 Hactenus
971 746 1023 788 dc
1055 747 1335 791 substantivis.

719 1289 841 1356 Gap.
879 1290 969 1339 IL:
1023 1289 1350 1356 Adjectiva.

352 1401 664 1457 Adjectivorum
714 1416 740 1444 a
787 1401 950 1456 vulgari
994 1415 1071 1443 usu
1116 1406 1157 1444 et
1205 1402 1502 1444 consuetudine
1549 1402 1833 1445 recedentium

239 1467 431 1522 equidem
469 1468 709 1523 diligentius
746 1483 792 1511 re
829 1482 1039 1524 perpensa
1075 1482 1158 1511 non
1194 1472 1279 1510 tam
1323 1469 1571 1511 immensum
1615 1483 1831 1512 numerum

236 1534 278 1576 in
317 1534 361 1577 C.
400 1534 545 1578 Lucilii
581 1536 721 1578 satiris
758 1536 912 1591 inveni,
950 1540 1104 1591 quanto
1144 1534 1254 1578 Gerl.
1292 1535 1334 1576 in
1369 1534 1473 1590 prol.
1519 1549 1560 1591 p.
1591 1535 1834 1578 CXXXVII

237 1615 327 1656 sqq.
367 1615 438 1644 eas
477 1602 670 1657 impletas
709 1608 749 1646 et
788 1603 1018 1658 permixtas
1056 1616 1151 1646 esse
1190 1601 1354 1645 elamat.
1423 1602 1529 1645 Sunt
1570 1602 1681 1644 enim
1719 1599 1831 1656 ἅπαξ

239 1668 441 1725 λεγόμενα
469 1669 582 1726 apud
612 1669 815 1713 Lucilium
847 1670 979 1713 solum
1009 1670 1164 1713 tradita
1193 1669 1314 1712 hacc:

905 1805 943 1838 a.
991 1804 1170 1850 graeca:

344 1887 385 1933 α)
415 1881 626 1939 ἄιγίλιπος
656 1883 696 1925 h.
727 1897 762 1926 e.
794 1880 932 1935 οὕτως
951 1881 1135 1940 ὑψηλός,
1168 1879 1272 1926 ὥστε
1303 1882 1374 1925 καὶ
1394 1879 1494 1937 αἶγα
1515 1884 1736 1926 λείπεσθαι
1756 1879 1829 1937 (μὴ

238 1949 485 2005 ἐπιβαίνειν)
531 1949 608 2004 (sie
651 1953 731 1991 vet.
777 1949 942 2004 lexica),
988 1963 1026 1991 v.
1065 1949 1116 1991 78
1154 1949 1209 2004 (3,
1250 1948 1338 1999 14):
1387 1949 1618 2003 ,,αι’γίλιποι
1654 1950 1830 2001 montes,

236 2016 400 2058 Aetnae
437 2030 594 2071 omneS‚
631 2016 773 2071 asperi
802 2016 1030 2059 Athones“.
1090 2016 1161 2058 Sic
1199 2015 1289 2057 sine
1325 2013 1449 2056 dubio
1480 2028 1533 2056 ex
1565 2013 1671 2057 Gell.
1702 2013 1831 2068 XVI.⁷

237 2083 276 2135 9,
329 2083 349 2123 1
396 2082 558 2125 codium
602 2083 845 2126 lectionibus
891 2083 1161 2138 ,,αἰΓιαποι“,
1216 2080 1510 2136 ,,αἰπιλιπου“,
1565 2081 1828 2134 ,,αἰπιλιποι“

237 2149 459 2203 legendum
485 2154 562 2204 est,
586 2150 776 2204 quamvis
800 2165 868 2205 ap.
891 2163 1027 2205 graec.
1046 2149 1269 2204 scriptores
1286 2149 1396 2191 illius
1413 2149 1572 2192 formae
1593 2147 1830 2204 exemplum

239 2229 321 2257 non
346 2216 436 2271 jam
468 2220 618 2258 exstet.
678 2216 761 2259 Cfr.
793 2217 839 2260 L.
870 2216 999 2270 Mull„
1031 2229 1177 2258 comm.
1207 2230 1248 2271 p.
1279 2217 1373 2273 203.
1431 2216 1538 2259 Nam
1559 2228 1598 2257 v.
1619 2213 1740 2258 Iliad.
1762 2215 1832 2269 11.‚

237 2283 338 2335 6333
376 2283 439 2336 V.‚
475 2283 546 2337 153
584 2283 651 2334 X.⁷
691 2284 755 2338 15,
792 2283 887 2326 aliis
924 2283 1064 2326 multis
1100 2283 1414 2325 Homericorum
1457 2281 1684 2324 carminum
1728 2280 1830 2324 locis

238 2347 418 2405 οἷιγίλιψ,
450 2350 598 2392 tertiae
626 2350 918 2393 declinationis
948 2351 1092 2400 forma,
1124 2349 1278 2391 tradita
1309 2353 1385 2393 est.
1444 2350 1547 2391 Rem
1578 2347 1711 2403 primo
1735 2360 1830 2390 con-

239 2419 382 2470 spectu
413 2416 514 2458 satis
544 2417 775 2460 mirabilem
791 2417 921 2459 Lowe
948 2417 991 2459 in
1022 2416 1161 2471 prodr.
1193 2431 1232 2472 p.
1263 2416 1342 2458 337
1375 2429 1466 2469 sqq.
1490 2413 1545 2456 ad
1575 2412 1829 2469 persuaden-

239 2480 335 2522 dum
379 2483 811 2525 accommodatissime
854 2483 1097 2538 explanavit
1141 2497 1231 2526 eum
1268 2481 1550 2535 ostendendo,
1586 2484 1630 2522 ut
1664 2486 1831 2536 praeter

241 2547 428 2601 „olvco'zffl
467 2548 620 2591 diserte
656 2549 852 2592 traditum
890 2550 1137 2593 haberemus
1178 2549 1398 2605 ,,οἰυωπός,
1435 2548 1520 2593 οὖ“
1560 2547 1751 2603 aliasque
1786 2547 1831 2590 id

238 2627 371 2667 genus
409 2614 562 2656 formas
599 2615 814 2670 gemellas,
851 2617 911 2659 sic
952 2623 1117 2673 praeter
1154 2616 1419 2660 Homericum
1462 2615 1564 2657 illud
1610 2615 1827 2670 „alylmw“

239 2679 364 2721 etiam
397 2683 643 2734 ῃαίγίλιπος,
675 2685 917 2737 αἰγιλίπουθ(
952 2684 1166 2726 exstitisse
1194 2682 1421 2726 verisimile
1449 2695 1558 2736 esse,
1580 2685 1665 2724 tum
1684 2681 1830 2736 glossa

241 2745 420 2799 quadam
468 2746 524 2788 ad
571 2747 770 2790 Lucilium
814 2749 911 2803 jure
959 2750 1010 2792 ab
1060 2764 1110 2792 eo
1158 2749 1292 2792 relata
1338 2753 1462 2803 atque
1509 2747 1567 2790 ita
1615 2747 1827 2790 restituta:

243 2815 483 2867 ,,αἰγίλιπου
526 2826 692 2855 saxum:
737 2815 939 2869 eminens,
983 2817 1146 2872 ingens,
1192 2830 1272 2871 quo
1316 2829 1393 2858 nec
1429 2814 1617 2870 capellae
1653 2817 1831 2869 possunt

239 2878 508 2920 aseende1·e“.
566 2879 723 2934 Iujuria
760 2880 883 2935 igitur
914 2882 1118 2938 Corpetus
1149 2882 1203 2925 ad
1240 2896 1278 2925 v.
1311 2882 1336 2923 l.
1366 2885 1552 2924 nostrum
1582 2880 1828 2924 vocabulum

240 2943 339 2985 dicit
368 2957 462 2985 esse
494 2946 714 2998 „souvenir
745 2946 1007 2990 d'Homere“.
