1910 3034
835 197 875 244 b.
906 197 1060 244 latina:

50 260 92 350 μ’
119 352 133 370 ἳ
265 289 311 342 α)
339 286 408 331 Ad
436 301 487 330 ca
505 286 723 330 transitum
742 300 797 330 ex
816 287 979 343 graecis
999 285 1343 344 praecedentibus
1371 283 1526 340 optime
1546 286 1742 338 quattuor

172 376 173 384 ¹
197 372 203 390 ·
226 353 287 391 ··'·
310 372 313 389 τ
353 351 512 397 faciunt
546 354 602 397 ad
630 353 941 397 similitudinem
974 367 1163 410 graecor.
1201 353 1328 396 subst.
1357 349 1741 407 patronymicorum

48 367 61 395 ,ι
83 379 91 382 -
116 365 150 391 ’,

156 399 412 542 mue.
446 420 561 463 Mun.
604 420 645 463 d.
681 434 726 464 re
762 425 879 464 metr.
918 436 958 477 p.
995 421 1094 474 389)
1129 419 1419 462 terminatione
1455 414 1660 472 ‚,——-idas“
1706 429 1740 456 s.

270 553 310 596 1.
344 552 595 610 Apulidas
631 554 658 596 i.
695 568 731 597 e.
768 554 909 610 proles
945 553 1071 610 Apuli
1106 553 1147 596 h.
1191 567 1226 596 e.
1262 551 1441 608 Apuliae
1475 549 1655 602 incolae,
1706 563 1740 590 s.

158 618 328 676 quidam
342 620 507 675 genitus
522 621 565 662 in
580 621 743 676 Apulia,
760 634 800 663 v.
820 622 926 663 1112
942 621 1091 676 (3,32):
1108 618 1341 675 „Apulidae
1361 617 1535 674 pedibus
1551 614 1742 659 stlembi“

158 685 251 746 (cfr.
295 685 404 730 infra
450 701 489 730 v.
538 686 827 741 „stlembus“).
902 688 972 731 Sic
1019 685 1283 729 scribendum
1330 698 1425 727 esse
1471 683 1527 726 M.
1575 682 1742 726 demum

157 752 375 796 intellexit
447 753 594 796 Tradit
630 755 740 796 enim
783 754 898 798 Paul.
935 754 1040 797 diac.
1085 767 1126 809 p.
1165 753 1262 794 144:
1307 751 1519 806 „Lucilius
1563 749 1741 806 pedibus

77 844 94 863 ο
158 819 377 863 stlembum
411 819 518 862 dixit
552 834 704 875 equum
738 821 901 877 pigrum
939 826 977 864 et
1013 820 1206 863 tardmn“
1241 823 1282 862 et
1315 818 1349 859 F
1353 821 1429 861 est.
1466 831 1506 873 p.
1543 817 1639 870 313,
1669 815 1742 858 10:

158 918 187 942 „
188 918 392 930 .......
413 888 554 942 gravis
591 888 906 944 tar—apulidae
935 901 1044 944 pe—
1080 900 1172 929 cum
1201 886 1407 928 refer—.“
1477 884 1598 926 Hunc
1626 881 1746 924 Festi

157 952 296 996 locum
334 953 596 1008 negligentes
634 969 727 997 cum
756 956 901 997 Dousa
937 959 978 997 et
1014 954 1126 998 Gerl.
1166 968 1206 1009 p.
1237 954 1303 1007 91,
1340 953 1393 994 92
1423 951 1465 993 111
1496 949 1745 992 editionibus

18 1052 24 1060 .
54 1017 68 1034 ⁵
158 1019 247 1063 suis
275 1020 518 1076 simpliciter
553 1023 741 1076 „Equum
776 1021 950 1078 pedibus
987 1022 1233 1065 stlembum“
1271 1018 1550 1075 scripsissent,
1586 1016 1745 1072 primus

63 1090 71 1095 ’
160 1091 203 1130 et
243 1087 374 1130 Paulo
412 1087 534 1129 simul
578 1092 618 1130 et
654 1088 780 1130 Festo
822 1102 922 1130 usus
958 1088 1251 1131 Lachmannus
1289 1084 1527 1141 „Apuliden
1567 1082 1744 1140 pedibus

162 1152 410 1197 stlembum“
430 1154 474 1195 in
493 1163 731 1197 contextum
752 1168 871 1196 suum
891 1156 1061 1211 recepit,
1092 1161 1132 1197 et
1160 1153 1392 1197 accuratius
1412 1151 1585 1194 tandem
1612 1149 1745 1205 ipsius

45 1231 53 1235 “
75 1252 78 1253 ⁷
158 1219 276 1264 Festi
297 1227 461 1263 secutus
482 1220 702 1264 lectionem
723 1222 822 1263 Luc.
843 1221 976 1265 Muli:
1006 1221 1238 1277 „Apulidae
1260 1234 1301 1275 p.
1323 1218 1514 1261 stlembi“
1535 1215 1748 1259 constituit

164 1285 259 1343 (cfr.
288 1300 435 1330 comm.
471 1302 510 1343 p.
549 1289 659 1342 205).
697 1314 751 1319 ——
787 1288 979 1331 Ceterum
1015 1288 1175 1344 Apulos
1211 1286 1368 1339 tardos,
1403 1285 1562 1340 pigros,
1598 1281 1746 1325 stultos

158 1352 291 1396 fuisse
318 1353 508 1396 homines
544 1354 656 1410 apud
694 1354 843 1397 multos
880 1355 1104 1410 scriptores
1140 1353 1317 1408 legimus
1356 1366 1390 1395 e.
1419 1364 1480 1406 gr.
1512 1364 1580 1406 ap.
1610 1349 1744 1392 Plaut.

161 1419 247 1464 mil.
276 1421 316 1474 3,
350 1421 386 1474 1,
406 1421 461 1463 52
491 1422 616 1474 (654).
662 1421 844 1471 Quorum
864 1420 1031 1476 quidem
1059 1421 1230 1463 nimiam
1251 1418 1535 1475 stupiditatem
1563 1415 1746 1459 Lucilius

158 1485 188 1530 l.
216 1486 244 1529 1.
274 1486 366 1530 sine
394 1486 518 1530 dubio
547 1501 623 1543 per
651 1487 871 1530 ludibrium
901 1488 1026 1530 etiam
1053 1488 1095 1530 in
1125 1500 1255 1542 equos
1292 1486 1335 1528 in
1363 1483 1516 1541 Apulia
1545 1482 1745 1526 educatos

161 1553 383 1598 transtulit.

271 1620 311 1663 2.
342 1619 655 1663 Tuscolidas
684 1635 724 1663 v.
754 1621 833 1664 inc.
863 1623 917 1664 24
947 1622 1104 1675 (1094),
1144 1621 1168 1664 i.
1200 1634 1234 1664 e.
1265 1619 1405 1676 proles
1435 1617 1606 1660 Tusculi
1633 1616 1746 1659 urbis

161 1700 190 1729 a
216 1685 376 1728 Lucilio
399 1686 546 1742 jocose
575 1687 618 1728 in
647 1701 870 1743 personam
893 1688 1152 1731 constitutae.
1210 1687 1365 1729 Versu:
1390 1684 1548 1740 „prima
1575 1682 1748 1739 Papiria

108 1775 112 1778 ·
161 1751 503 1796 'fuscolidaruffl
536 1753 625 1805 (M.)
684 1754 749 1796 Ita
778 1769 831 1797 ex
861 1754 1114 1797 scholiastae
1143 1752 1362 1796 Bobiensis
1391 1751 1448 1794 ad
1475 1750 1747 1793 Plancianam

161 1818 288 1862 Tullii
317 1833 357 1874 p.
387 1819 479 1870 254,
514 1820 563 1861 17
594 1821 862 1864 annotatione
882 1821 935 1864 de
951 1820 1280 1863 Tusculanorum
1299 1819 1432 1861 livore
1451 1818 1579 1860 verba
1599 1815 1748 1859 Lucilii

162 1898 308 1942 parum
338 1884 562 1940 diligenter
589 1886 761 1929 tradita:
795 1902 859 1943 „p.
890 1888 937 1930 P.
966 1891 1010 1930 tu
1040 1887 1309 1940 solida1·um“,
1340 1898 1447 1940 quae
1468 1885 1514 1926 L.
1545 1884 1607 1925 in:
1637 1897 1677 1938 p.
1698 1883 1746 1924 P.

99 1941 114 1958 ’
161 1957 207 1995 111
246 1951 514 1995 stolidarum“
562 1957 814 2007 mutaverat,
859 1954 962 1997 satis
1006 1953 1274 2010 probabiliter
1316 1951 1552 1994 correxisse
1603 1954 1644 1992 et
1690 1948 1747 1992 ad

161 2018 436 2073 Tusculanos,
465 2019 518 2061 de
549 2020 695 2074 quibus
724 2023 836 2063 totus
866 2020 1115 2063 scholiastae
1143 2020 1258 2063 locus
1287 2020 1389 2074 agit,
1415 2017 1625 2061 rettulisse
1645 2015 1746 2058 mihi
1789 2022 1794 2028 “

159 2085 354 2129 videntur
389 2085 624 2128 Wunderus
663 2090 704 2129 et
739 2087 838 2131 Luc.
876 2087 1086 2130 Mffllerus.
1146 2087 1230 2130 Cfr.
1268 2100 1416 2129 comm.
1460 2099 1499 2140 p.
1543 2085 1637 2138 273,
1677 2083 1748 2126 11111

162 2153 284 2208 plura
314 2152 368 2195 de
396 2153 489 2210 ipsa
517 2166 619 2195 voce
649 2154 852 2197 invenias.
912 2153 1171 2196 Tusculanos
1201 2158 1338 2196 autem
1367 2153 1410 2194 in
1442 2152 1550 2194 trihu
1576 2150 1748 2206 Papiria

161 2217 292 2262 fuisse
318 2218 509 2261 novimus
541 2232 594 2261 ex
622 2219 714 2261 Liv.
744 2219 770 2262 l.
801 2221 839 2274 8,
869 2221 935 2262 37.
964 2245 1020 2250 -
1049 2220 1302 2274 Ceteroquin
1330 2219 1385 2261 ad
1419 2218 1667 2260 sententiam
1695 2216 1744 2258 L.

162 2285 286 2328 affert
299 2285 398 2327 Hor.
420 2299 542 2327 serm.
563 2299 601 2328 v.
619 2286 687 2339 11„
706 2288 742 2340 1,
763 2287 835 2328 69:
859 2288 1093 2341 „Primores
1115 2287 1256 2343 populi
1276 2286 1449 2342 arripuit
1467 2284 1747 2341 populumque

163 2351 370 2395 tributim‘·
394 2356 436 2394 et
455 2350 706 2394 scholiastae
724 2352 858 2395 Persii
877 2354 1005 2395 verba-
1023 2353 1080 2395 ad
1101 2357 1176 2396 sat.
1210 2354 1246 2407 1,
1277 2353 1375 2394 115:
1408 2351 1586 2405 „Urbem
1606 2354 1744 2392 antem

163 2417 259 2461 ideo
287 2417 394 2460 dixit
423 2417 620 2472 „secuit“,
664 2419 761 2472 quia
789 2419 917 2462 tribus
948 2433 1093 2462 omnes
1122 2419 1289 2474 triginta
1323 2418 1504 2474 quinque
1533 2417 1747 2470 laceravit,

165 2497 220 2528 ex
249 2484 395 2540 quibus
425 2485 523 2526 urbs
553 2488 640 2527 tota
668 2488 870 2527 constat“.

362 2572 514 2618 Annei.
545 2573 572 2618 Ι.
622 2573 937 2629 Luciliades3
974 2575 1146 2617 verbum
1182 2578 1247 2617 est
1275 2574 1412 2617 Servii
1448 2589 1480 2617 s.
1520 2573 1656 2628 Sergii
1693 2587 1747 2616 ex

277 2639 444 2695 explan.
473 2640 515 2681 in
545 2644 621 2682 art.
651 2641 807 2683 Donati
844 2640 870 2684 l.
900 2641 932 2684 L
969 2644 1046 2696 (gr.
1077 2642 1167 2684 Lat.
1199 2642 1281 2694 IV„
1311 2641 1424 2695 527),
1463 2641 1544 2696 ipsi
1573 2639 1746 2693 Lucilio,

275 2706 418 2749 nescio
446 2719 501 2748 an
532 2706 640 2762 jure,
677 2707 871 2750 tributum
906 2722 931 2750 a
965 2708 1063 2751 Luc.
1101 2708 1276 2751 Miillero
1311 2723 1349 2764 p.
1391 2709 1469 2750 159
1502 2707 1600 2750 edit.
1631 2719 1746 2760 suae,

278 2786 360 2828 quo
390 2772 461 2827 qui
489 2772 677 2816 dubitant
706 2774 868 2829 delego.
927 2774 1222 2818 Lachmannus
1252 2776 1402 2818 omisit.

364 2861 515 2907 Annoi.
545 2863 588 2906 2.
645 2863 737 2906 Huc
756 2863 935 2919 pertinet
954 2863 1078 2907 etiam
1101 2863 1156 2918 „S
1166 2863 1369 2920 cipiada
1379 2866 1423 2906 s“
1450 2865 1557 2906 1014
1586 2864 1682 2918 (inc.
1702 2865 1746 2917 6)

277 2928 522 2971 vocabulum
551 2929 741 2985 ejusdem
770 2930 936 2985 generis
965 2945 993 2973 a
1021 2930 1179 2973 Lucilio
1221 2931 1372 2984 fictum,
1416 2931 1527 2986 quod
1569 2934 1745 2973 tantum-
