1910 3034
659 94 694 102 ,1
742 69 830 82 ’μ
911 54 965 100 15

67 233 77 249 ,
99 228 129 251 .-=
160 236 163 238 ,
192 247 218 260 Ἦ
287 211 291 226 ·
345 189 441 235 krit„
461 189 590 234 Beitr.
618 204 660 247 p.
688 189 771 233 335
791 204 852 245 sq.
843 222 868 245 .,
897 203 1015 245 quos,
1045 190 1116 245 qui
1133 190 1257 247 plura
1275 191 1497 246 desideret
1530 192 1735 236 consulat.

50 270 98 321 ,χι
134 261 185 293 εὶ
236 259 362 300 certe
391 257 494 300 satis
528 261 594 300 est
620 257 826 313 posuisse,
864 257 984 299 istius
1015 256 1123 313 (scil.
1147 258 1395 314 jactantiae)
1423 259 1479 313 vi,
1516 259 1582 302 cui
1609 273 1733 303 nemo

109 317 293 373 'nobilis
320 327 446 379 atque
474 323 675 367 honestus
703 323 787 366 illis
817 324 1072 380 temporibus
1094 328 1333 368 constanter
1359 325 1494 380 potuit
1522 325 1734 381 resistere,

23 426 41 445 ⁸.
125 379 270 433 668111
297 390 499 434 Lucilium
535 390 849 434 adolescentem
883 392 1124 434 necessario
1161 391 1327 433 ductum
1363 404 1458 434 esse
1493 395 1536 434 et
1570 395 1734 448 raptum

99 468 103 474 '
141 460 184 500 et
231 457 383 500 cotidie
427 457 664 500 exercendo
708 461 832 510 atque
877 457 1095 499 tractando
1142 457 1271 500 multa
1319 457 1523 500 vocabula
1567 458 1733 502 Graeca

139 522 359 566 usitatiora
393 523 472 566 sibi
508 523 659 566 fecisse
694 527 819 577 atque
854 523 1033 576 tritiora,
1070 523 1150 577 ita,
1193 529 1238 565 ut
1274 524 1431 566 sensim
1464 524 1508 566 in
1544 523 1733 580 plurimis

36 616 44 625 .
140 587 378 632 dedisceret
407 589 620 633 offendere
650 589 910 646 plurimaque
948 588 1137 644 ejusdem
1165 590 1414 644 peregrinae
1455 590 1628 645 originis
1665 590 1730 646 iis,

38 659 46 668 ⁶
127 666 245 710 quas
265 655 422 710 primas
443 655 642 709 condidit,
674 655 812 698 satiris
834 655 1028 711 jambicis
1055 654 1362 710 trochaicisque
1392 655 1477 709 (lib.
1499 655 1656 698 XXVI.
1675 681 1732 686 —

138 719 321 774 XXIX)
359 735 443 764 non
479 722 687 765 dubitaret
715 722 914 776 miscere,
952 735 1058 776 111186
1095 721 1187 777 11166
1225 726 1373 776 postea
1408 735 1555 777 parum
1589 721 1731 764 decori

140 799 237 830 esse
265 786 434 843 linguae
463 789 639 831 Latinae
676 788 824 830 mirum
854 792 1052 842 quantum
1080 787 1289 842 cognovit.
1318 812 1373 818 -—
1402 787 1588 843 Longius
1619 788 1730 831 enim

137 856 277 896 aetate
310 859 554 909 provectus,
598 868 690 897 cum
732 855 882 897 Accius
926 853 1097 896 tandem
1134 854 1315 909 corrupti
1357 854 1482 910 patrii
1519 854 1726 897 sermonis

137 919 348 962 miseritus
364 920 520 976 primos
537 920 627 976 ejus
643 921 864 976 purgandi,
879 919 1136 974 restituendi,
1152 920 1337 963 novandi
1356 919 1526 963 fecisset
1540 925 1728 975 conatus,

50 981 59 988 ⁶
134 985 320 1029 Lucilius
349 1000 525 1042 quoque,
556 988 699 1030 nescio
728 987 843 1030 Accii
873 987 1082 1029 nonnullis
1117 987 1248 1029 iratus
1278 987 1400 1030 rebus
1429 987 1552 1029 novis
1583 987 1730 1029 errori-

134 1051 294 1107 busque
328 1066 384 1095 an
413 1067 489 1095 sua
516 1053 648 1108 ipsius
679 1056 841 1108 sponte,
877 1057 963 1095 toto
993 1053 1133 1096 animo
1171 1052 1446 1108 corrigendae
1475 1053 1732 1103 eruditorum

6 1174 13 1181 ‚
134 1117 421 1174 imprimisque
468 1123 684 1175 poetarum
734 1120 911 1162 orationi
960 1119 1098 1175 coepit
1146 1133 1192 1162 66
1241 1119 1343 1162 dare
1390 1119 1725 1174 gravissimoque

0 1176 18 1244 5,·
133 1185 416 1228 emendatoris
441 1186 678 1242 judicisque
702 1186 837 1228 studio
868 1186 1048 1228 maxime
1080 1189 1120 1227 ct
1140 1185 1474 1228 antecedentium
1503 1190 1545 1228 et
1572 1199 1725 1240 aequa-

0 1261 11 1268 *
113 1249 234 1298 ‚lium
263 1266 430 1295 suorum
459 1253 610 1295 civium
640 1252 1027 1307 „graecomaniae“,
1057 1265 1181 1306 quam
1210 1251 1398 1306 dicimus,
1428 1252 1456 1293 i.
1487 1265 1521 1295 e.
1553 1265 1725 1307 graeca-

132 1317 320 1361 nicarum
362 1319 511 1361 artium
548 1318 805 1361 affectationi
847 1319 1063 1372 resistere,
1107 1317 1301 1372 irridere,
1345 1321 1543 1372 quantum
1579 1318 1725 1374 potuit,

131 1387 382 1440 temperare.
411 1410 468 1416 —

244 1451 325 1494 Sic
356 1452 481 1507 igitur
516 1466 610 1494 mea
645 1451 813 1506 quidem
851 1451 1060 1494 sententia
1097 1453 1407 1507 (praeterquam
1450 1451 1580 1506 quod,
1624 1451 1723 1494 dum

131 1530 279 1562 versus
315 1518 519 1572 funderet,
558 1524 601 1562 et
636 1519 878 1575 pervagatis
920 1518 1155 1560 cotidianae
1191 1517 1303 1560 vitae
1339 1517 1510 1561 vocibus
1549 1518 1723 1561 Graecis

0 1609 3 1612 >
131 1586 476 1640 versantibusque
508 1599 672 1642 semper
700 1586 742 1628 in
774 1585 957 1627 omnium
987 1585 1127 1627 oribus
1154 1585 1436 1627 Romanorum
1466 1588 1507 1627 et
1533 1584 1723 1627 terminis

0 1671 19 1693 ι
128 1650 331 1695 technicis
369 1665 423 1695 ex
453 1652 617 1696 Graeca
653 1652 797 1707 lingua
835 1651 1010 1707 sumptis
1043 1651 1329 1707 physicorum,
1364 1650 1722 1707 philosophorum,

0 1726 7 1733 '
131 1717 362 1772 rhetorum,
405 1722 621 1774 poetarum
665 1722 707 1760 et
748 1718 958 1771 versibus,
1003 1717 1243 1771 sententiis,
1287 1716 1463 1772 singulis
1507 1716 1722 1760 vocabulis

130 1787 319 1826 veterum
354 1783 610 1827 Graecorum
645 1787 862 1840 poetarum
898 1783 1164 1826 haerentibus
1200 1783 1243 1825 in
1272 1783 1477 1826 memoria
1503 1782 1574 1826 vel
1602 1796 1720 1826 0668-

131 1849 249 1892 610116
268 1849 368 1893 11818
387 1851 430 1892 111
450 1854 631 1893 mentem
651 1850 960 1893 occurrentibus
984 1848 1051 1906 [de
1071 1850 1219 1904 quibus
1240 1849 1396 1904 optime
1414 1849 1609 1904 Hcrrwig
1627 1849 1654 1892 l.
1676 1849 1721 1904 l.]

130 1914 335 1968 Lucilium
370 1930 491 1959 usum
528 1930 624 1960 esse
659 1922 699 1959 et
734 1916 795 1959 uti
830 1915 1047 1969 debuisse,
1094 1915 1316 1959 satirarum
1357 1919 1403 1959 ut
1437 1919 1528 1959 erat
1563 1920 1720 1971 auctor,

130 1986 334 2039 perpetuo
377 1983 685 2040 respiciendum
726 1982 846 2026 nobis
895 1985 998 2037 cst),
1047 1982 1154 2025 duas
1197 1982 1345 2026 Lucilii
1386 1987 1431 2025 ut
1472 1983 1615 2039 poesis
1662 1983 1722 2025 ita

132 2049 453 2104 „Graecitatis“,
482 2055 528 2092 ut
555 2050 613 2093 ita
632 2050 781 2104 dicam,
811 2049 1098 2092 discernentes
1118 2053 1292 2103 aetates,
1323 2049 1517 2105 (alteram
1537 2050 1719 2105 priorem

129 2115 253 2158 annis
287 2116 497 2172 insignem
532 2116 719 2160 iambicis
755 2116 1058 2171 trochaicisque
1100 2116 1242 2158 metris
1280 2116 1552 2172 plurimisque
1596 2116 1721 2159 simul

130 2181 344 2224 vocabulis
375 2183 562 2237 GraeciS,
599 2187 640 2226 et
675 2183 850 2225 alteram
886 2183 1162 2238 posteriorem
1197 2182 1452 2226 hexametris
1482 2186 1719 2226 contentam

127 2245 453 2302 instructamque
473 2249 632 2291 minore
650 2262 800 2292 vocum
822 2250 1077 2292 Graecarum
1098 2251 1287 2302 numero)
1303 2250 1395 2305 Jam
1413 2250 1718 2294 inconstantiae

129 2313 300 2368 crimen,
329 2313 442 2368 quod
469 2314 573 2370 ipse,
604 2315 794 2369 quamvis
818 2315 1067 2370 saepissime
1087 2314 1244 2357 civibus
1276 2316 1362 2358 suis
1392 2315 1569 2358 illuserit
1596 2329 1717 2371 grae-

128 2378 391 2435 cissantibus,
423 2380 526 2422 satis
563 2380 694 2423 effuse
726 2381 900 2424 Graecis
930 2381 1081 2423 Latina
1109 2381 1356 2436 innexuerit,
1386 2382 1538 2426 afferre
1566 2385 1718 2438 poetae

126 2448 271 2488 nostro
299 2445 553 2490 desinemus,
581 2471 637 2477 —

237 2511 370 2567 Nunc,
406 2525 498 2555 cum
533 2513 588 2555 ad
623 2517 788 2568 tempus
823 2512 984 2567 reliqua
1020 2512 1206 2555 omittam
1250 2514 1398 2557 Lucilii
1433 2527 1590 2570 genera
1623 2527 1714 2558 ver-

127 2577 286 2633 borum,
314 2578 443 2622 redeo
471 2579 528 2622 ad
557 2579 648 2636 ejus
680 2579 941 2622 substantiva
970 2579 1133 2622 Graeca
1159 2579 1212 2621 iis
1241 2580 1458 2635 neglectis,
1493 2584 1536 2623 ut
1563 2593 1713 2636 propo-

128 2645 252 2687 situm
293 2644 396 2687 mihi
439 2651 520 2700 est,
569 2659 675 2700 quae
717 2646 830 2702 apud
874 2645 980 2688 alios
1029 2658 1191 2700 quoque
1234 2646 1407 2690 Latinos
1449 2646 1714 2689 inveniuntur

128 2709 367 2766 scriptores.
438 2711 545 2755 Sunt
571 2711 656 2766 1118,
686 2711 730 2754 111
765 2712 876 2766 quod
906 2725 1027 2755 nemo
1058 2711 1289 2767 dijudicare
1317 2714 1482 2770 poterit,
1512 2717 1585 2756 aut
1611 2726 1713 2756 casu

127 2776 357 2832 singularia
375 2777 486 2821 facta
513 2785 586 2822 aut
605 2783 718 2822 certo
747 2780 928 2835 quodam
948 2780 1124 2823 consilio
1153 2794 1181 2823 a
1208 2779 1389 2836 posteris
1411 2779 1569 2823 evitata
1587 2778 1710 2822 haec:

237 2849 279 2895 α)
321 2843 448 2901 ἀρχαὶ
488 2845 514 2888 1.
559 2861 593 2887 S.
635 2846 754 2889 initia
798 2862 830 2890 s.
871 2846 1076 2903 principia
1118 2860 1268 2899 rerum,
1313 2860 1353 2889 v.
1395 2846 1478 2889 693
1519 2846 1603 2901 (28,
1645 2846 1711 2897 4):

125 2941 173 2965 „.
202 2941 214 2951 .
243 2942 255 2952 .
285 2944 295 2953 .
326 2909 476 2967 ἀρχαῖς
516 2911 726 2956 hominem
769 2918 811 2955 ct
847 2916 1067 2970 στοιχείοις
1104 2913 1227 2955 61111111
1262 2913 1442 2969 privabit
1485 2926 1522 2955 e.
1567 2926 1607 2966 q.
1646 2914 1710 2953 s.“
