1910 3034
6 170 231 225 Qccil.
261 171 447 228 „cibus“,
478 171 778 228 compositione
802 183 948 213 vocum
979 170 1151 224 „cibus“
1182 173 1223 212 et
1250 168 1501 224 „caedere“,
1531 169 1649 226 cujus

25 229 112 283 eie
147 238 407 282 memorabili
450 252 529 281 usu
563 237 635 282 cfr.
681 237 732 280 G.
771 237 897 291 cotz,
940 236 985 278 in
1027 240 1106 279 aet.
1151 249 1236 279 soc.
1279 234 1380 291 phil.
1426 235 1540 291 Lips.
1578 235 1650 278 ιν.

27 308 33 340 2'
56 317 100 361 p.
114 303 199 347 354
217 318 309 360 sqq.
347 303 471 347 Haud
486 303 747 346 incommode
770 303 822 346 M.
850 302 894 344 in
914 316 1062 345 comm.
1084 317 1124 358 p.
1145 303 1228 345 254
1246 307 1462 357 comparat
1481 316 1519 345 v.
1545 303 1651 345 1148

56 369 156 427 (mc.
186 370 258 424 92)
286 370 452 413 Lucilii:
483 370 745 425 „fragmenta
774 369 972 411 interficis
1003 370 1165 424 panis“.
1233 367 1396 411 Similia
1424 381 1514 410 voc.
1546 369 1652 411 haec

9 488 15 492 ⁷
56 435 218 479 inveni:
254 436 488 491 „utricida“
526 450 594 492 ap.
631 435 754 491 Apul.
793 439 889 478 met.
927 435 967 488 3,
998 436 1050 477 18
1089 441 1130 477 et
1160 434 1398 490 „lapicida“
1433 448 1500 490 ap.
1531 435 1650 477 Varr.

11 494 18 510 ⁵
57 502 84 547 1
115 501 142 545 1.
171 503 211 557 s,
240 503 308 556 33,
338 503 411 558 623
442 502 533 546 Liv.
567 503 602 551 1,
631 503 698 555 59,
731 503 772 556 93
812 501 955 544 sidon.
986 514 1050 556 op.
1080 501 1120 555 3,
1153 502 1214 544 12.
1246 526 1301 531 —
1331 500 1379 542 In
1408 500 1650 543 universum

57 568 112 612 (16
140 569 221 611 1106
248 582 411 624 quoque
427 582 518 612 voc.
539 568 637 611 vide
667 570 807 621 L‘owe,
830 567 969 624 prodr.
1000 581 1039 623 p.
1070 567 1165 621 307,
1196 567 1266 622 qui
1286 567 1518 610 accuratius
1548 581 1650 610 non-

9 631 13 633 ”
57 635 173 679 nulla
208 635 262 679 (16
290 635 445 691 glossis
482 635 562 678 huc
592 635 907 691 pertinentibuS,
943 633 1056 677 velut
1093 633 1146 676 de
1175 634 1397 676 Philoxeni
1432 648 1471 690 p.
1509 635 1578 689 39,
1607 635 1647 689 6,

59 702 269 758 explicuit.

169 769 547 824 cortinipotens
585 782 622 812 v.
654 769 736 810 245
772 769 829 823 (7,
857 769 901 822 4)
936 769 962 811 1.
994 781 1031 810 6.
1071 766 1174 821 „der
1202 765 1649 821 Dreifussmachtige“,

0 849 6 869 r
57 834 266 891 Apollinis
305 834 517 891 epitheton
554 835 722 890 proprie
758 834 1026 889 adjectivum,
1064 833 1139 876 sed
1177 833 1267 875 sine
1305 832 1374 874 dei
1402 833 1571 875 nomine
1606 836 1652 875 ut

0 896 3 912 ¹
56 900 360 943 substantivum
408 900 588 956 positum
631 914 775 943 versu:
825 900 1006 955 „huncin
1054 913 1133 954 ego
1181 913 1362 954 unquam
1411 899 1651 955 Hyacintho

0 977 2 989 ¹
54 967 280 1022 hominem,
316 967 648 1023 cortinipotentis
682 966 844 1009 deliciis
882 966 1134 1010 contendi?“
1171 965 1249 1019 (sic
1286 965 1490 1018 Lachm.).
1564 963 1648 1007 Cfr.

54 1034 276 1088 Dziatzko,
312 1034 461 1077 Rhein.
491 1034 597 1077 Mus,
635 1034 702 1088 33,
735 1034 827 1075 113.
886 1034 935 1076 H.
968 1047 1057 1077 voc.
1089 1032 1270 1075 Lucilius
1300 1032 1421 1074 finxit
1459 1045 1512 1074 ex
1542 1046 1646 1075 voce

0 1102 5 1144 i
55 1100 286 1156 „oortina“,
333 1100 445 1155 quod
488 1114 564 1143 vas
600 1100 823 1142 rotundum
869 1106 908 1142 et
946 1100 1150 1143 translate
1193 1099 1399 1155 tripodem
1444 1098 1650 1155 Apollinis

0 1180 3 1195 ¹
56 1180 94 1211 6.
133 1180 195 1222 gr.
233 1180 301 1223 ap.
331 1167 449 1211 Varr.
481 1166 535 1210 de
563 1166 591 1208 l.
621 1166 646 1210 l.
679 1167 718 1221 6,
748 1167 774 1209 3
804 1171 845 1209 61
873 1181 941 1223 ap.
978 1167 1092 1222 Virg.
1122 1167 1226 1210 Aen.
1258 1167 1297 1221 3,
1327 1166 1381 1208 92
1418 1171 1460 1208 61
1497 1166 1537 1219 6,
1567 1165 1648 1207 347

0 1239 2 1241 ’
58 1233 280 1289 significat.

166 1300 449 1356 noctipuga
478 1314 516 1343 v.
541 1301 648 1342 1184
668 1300 763 1355 (inc.
784 1300 863 1355 frg.
884 1300 1125 1353 XXVIII.):
1157 1303 1367 1342 servatum
1388 1312 1456 1354 ap.
1478 1298 1650 1340 Festum

0 1398 3 1427 5
55 1367 176 1410 Pauli
204 1381 246 1423 p.
280 1367 371 1421 175,
401 1367 440 1418 2,
471 1367 540 1409 ubi
569 1366 660 1410 cod.
692 1366 828 1410 Guelf.
858 1371 900 1409 et
927 1367 1109 1411 Monac:
1154 1365 1438 1422 „noctilugam
1466 1365 1650 1408 Lucilius

0 1437 2 1439 ’
56 1446 149 1476 611111
192 1432 315 1487 dixit,
359 1434 584 1476 obscenum
628 1433 883 1489 significat“;
936 1433 1069 1489 Lugd.
1123 1438 1164 1476 et
1206 1436 1288 1475 vet.
1326 1431 1417 1476 cod.
1457 1432 1651 1475 Mercerii

0 1525 10 1564 ἱ
56 1499 198 1556 „nocti
239 1512 356 1554 nuga
392 1513 427 1542 e.
466 1513 505 1554 q.
543 1514 576 1540 s.
581 1500 624 1553 “3
670 1504 871 1555 excerpta
906 1499 1103 1555 glossarii
1141 1499 1377 1543 Salomonis
1414 1498 1442 1541 f.
1479 1499 1580 1541 2731
1604 1499 1649 1542 b:

57 1565 379 1623 „noctiiugam‘fi
454 1565 612 1616 Quibus
650 1579 702 1608 ex
739 1566 987 1609 testimoniis
1024 1580 1118 1610 cum
1156 1565 1360 1620 Scaliger,
1398 1565 1464 1620 Gn,
1499 1565 1562 1620 L.,
1592 1565 1647 1609 M.

57 1665 84 1688 ‚,
72 1631 367 1687 ,noctilugam“
397 1631 500 1674 illud
529 1632 834 1674 Varronianum
865 1632 936 1686 (de
965 1632 991 1674 l.
1022 1632 1048 1677 l.
1078 1633 1118 1687 5,
1149 1632 1202 1674 68
1232 1635 1274 1674 61
1304 1635 1381 1674 sat.
1411 1631 1520 1675 Men.
1550 1632 1651 1684 292)

58 1703 100 1742 61
128 1698 404 1742 Horatianum
433 1700 576 1753 (carm
606 1699 644 1750 4,
676 1699 715 1752 6,
736 1699 821 1752 38),
851 1699 921 1741 ubi
942 1698 1138 1753 „lunam“
1169 1713 1202 1740 s.
1223 1697 1493 1752 „lucernam‘
1522 1697 1651 1773 signi-

57 1765 168 1820 ficat,
202 1778 347 1808 veram
383 1764 602 1807 lectionem
639 1764 899 1807 Lucilianam
934 1731 1064 1808 fidisse
1093 1764 1409 1819 conclusissent,
1446 1777 1522 1807 suo
1552 1764 1650 1820 jure

60 1831 110 1876 G.
132 1831 262 1874 Lowe
289 1831 332 1873 in
352 1830 493 1886 prodr.
525 1844 564 1886 p.
591 1830 785 1885 309sqq.
844 1830 1003 1874 Lucilio
1024 1830 1301 1874 vocabulum
1283 1845 1390 1886 Jam
1394 1845 1422 1873 a
1441 1830 1650 1874 Salmasio

57 1897 315 1957 propositum
362 1897 642 1952 „noctipuga“
690 1897 716 1938 i.
761 1910 797 1940 6.
841 1897 1151 1953 νυκτικὲντρον
1199 1913 1232 1939 s.
1276 1897 1396 1940 virile
1443 1897 1650 1940 fascinum

0 1999 5 2005 .
56 1962 241 2007 reddidit
276 1962 437 2006 duobus
471 1962 537 2004 his
578 1963 735 2005 causis:
781 1964 957 2019 primum
993 1965 1106 2020 quod
1141 1965 1293 2006 Festus
1331 1964 1512 2007 dilucide
1548 1965 1651 2007 illud

6 2074 9 2077 ,
55 2044 163 2086 voc„
193 2030 247 2072 de
278 2043 359 2085 quo
379 2029 530 2084 agitur,
562 2030 787 2073 obscenum
807 2030 966 2086 aliquid
987 2031 1252 2086 significasse
1273 2031 1385 2086 dicit,
1416 2031 1652 2087 quusmodi

3 2091 9 2129 Ϊ
57 2097 268 2140 notionem
288 2095 349 2138 illi
369 2095 570 2138 vocabulo
591 2096 852 2150 „noctiluca“
874 2097 1061 2140 subicere
1081 2101 1122 2139 et
1142 2096 1331 2152 Scaliger
1350 2098 1650 2152 („noctiluca“:

57 2163 150 2207 avis
187 2162 287 2205 mali
316 2162 467 2205 ominis
503 2166 626 2205 noctu
662 2162 826 2218 lugens)
863 2167 904 2205 et
941 2163 1085 2218 Steph.
1123 2163 1167 2204 in
1205 2163 1332 2206 Thes.
1373 2163 1651 2218 („noctiluca“

59 2234 137 2285 est,
167 2243 276 2285 quae
303 2228 428 2271 alicui
455 2227 592 2271 facem
621 2229 676 2271 ad
699 2229 913 2272 libidinem
936 2229 1165 2285 praeferat)
1194 2229 1349 2273 frustra
1368 2231 1507 2273 conati
1537 2235 1650 2286 sunt3

61 2296 214 2340 deinde
244 2295 356 2351 quod
384 2294 529 2349 glossa
559 2295 766 2349 quaedam
802 2295 916 2338 haud
945 2296 1069 2339 dubie
1106 2309 1159 2338 ex
1196 2296 1355 2339 Lucilio
1385 2303 1553 2354 sumpta
1587 2302 1652 2340 ter

61 2366 200 2407 exstat
228 2363 343 2404 hisce
378 2362 536 2404 verbis:
569 2362 884 2417 „noctipugam:
915 2363 1153 2417 obscenum,
1189 2363 1301 2418 quod
1322 2363 1443 2418 quasi
1462 2364 1651 2407 noctibus

62 2433 364 2485 compungatur
393 2430 673 2484 (compungat,
705 2428 943 2482 Salmasf‘)
972 2455 1027 2460 —
1054 2429 1162 2473 Vide
1192 2430 1319 2472 Lowe
1357 2430 1532 2472 l.1.—
1568 2430 1653 2474 Gfr.

65 2495 312 2552 „solipuga“
341 2508 409 2550 ap.
429 2494 535 2538 Pliu.
558 2495 596 2548 8,
627 2495 681 2536 29
701 2495 803 2550 (43),
836 2496 915 2538 104
935 2500 976 2537 61
997 2495 1081 2539 Cic
1111 2510 1180 2551 ap.
1200 2496 1307 2539 Plin.
1338 2497 1405 2551 29,
1427 2498 1455 2539 4
1474 2498 1576 2554 (29),
1599 2498 1653 2541 92

63 2566 107 2605 61
133 2561 241 2618 adj.:
271 2560 577 2616 „cordipugus“
607 2562 650 2603 in
679 2562 824 2617 fragm.
856 2563 1057 2618 anonymi
1086 2562 1303 2618 cujusdam
1334 2564 1548 2620 scriptoris
1584 2578 1652 2621 ap.

64 2629 195 2672 Lowe
226 2628 252 2672 l.
271 2593 310 2670 ’L

174 2693 480 2751 pullipremo
509 2694 549 2738 h.
581 2708 617 2737 e.
640 2695 710 2750 qui
729 2695 865 2750 pullos
895 2696 922 2737 i.
943 2711 977 2738 s.
997 2710 1149 2752 pueros
1171 2697 1322 2752 premit
1341 2712 1374 2741 s.
1397 2697 1654 2753 paedicator,

64 2759 361 2817 παιδεραστής,
390 2773 431 2802 v.
451 2760 529 2803 inc.
555 2761 644 2804 162.
705 2761 827 2812 Quod
857 2761 1024 2816 quidem
1054 2763 1226 2805 verbum
1255 2763 1442 2819 neglexit
1471 2765 1532 2818 L.,
1562 2778 1654 2806 cum

65 2828 223 2870 Ausou.
253 2825 296 2868 in
327 2825 458 2881 epigr.
490 2826 556 2880 70,
577 2826 602 2868 8
623 2827 842 2882 perspicue
870 2834 1013 2870 canat:
1044 2829 1220 2883 „Lucilii
1239 2830 1348 2872 vatis
1370 2830 1516 2873 subulo
1536 2830 1655 2886 pulli-

66 2894 254 2952 premo“,
290 2905 374 2948 qua
409 2891 463 2935 de
497 2905 542 2934 re
569 2894 803 2937 accuratius
842 2894 916 2936 cfr.
945 2895 998 2939 M.
1038 2895 1081 2938 in
1109 2909 1257 2939 comm.
1295 2911 1335 2953 p.
1365 2897 1460 2940 284.
1498 2922 1553 2928 -—
1589 2898 1656 2940 De

1414 2969 1456 3006 3*
