1910 3034
119 0 288 180 ,cg

255 793 478 869 Luciliani
508 826 712 868 sermonis
743 839 849 880 quae
882 826 934 868 sit
962 826 1131 882 propria
1150 839 1219 868 ars
1251 830 1293 868 et
1318 825 1426 868 ratio
1446 824 1575 868 fiisius
1604 824 1737 881 pleni-

145 905 279 948 usque
322 892 579 947 aliquantum
617 892 836 947 exquirere
873 897 914 934 et
949 892 1208 948 perspicere3
1254 892 1494 947 diligentius
1540 891 1738 947 „magni“

143 957 268 1014 iuius,
288 972 413 1014 quem
431 965 596 1002 veteres
618 958 808 1002 laudibus
830 959 916 1001 suis
936 972 1013 1014 per
1034 958 1205 1001 saecula
1227 958 1475 1012 extulerunt,
1493 959 1741 1014 „Auruncae

142 1024 325 1068 alumni“
364 1025 476 1081 (Juv.
516 1026 627 1082 1,19)
664 1025 814 1068 intueri
849 1025 1041 1068 dictionis
1080 1025 1379 1082 supellectilem
1430 1025 1550 1080 quasi
1594 1029 1635 1068 et
1677 1025 1739 1067 in-

145 1093 388 1145 strumenta,
413 1092 559 1146 quibus
579 1105 705 1146 „ense
727 1091 841 1134 velut
857 1091 1023 1134 stricto“
1048 1091 1159 1146 (Juv.
1185 1087 1497 1145 1,165)'totiens
1521 1091 1740 1134 ardentem

142 1171 239 1201 eum
265 1157 531 1201 infremuisse
569 1164 609 1201 et
654 1158 840 1201 secuisse
877 1159 1021 1200 urbem
1058 1157 1274 1200 Juvenalis
1314 1163 1354 1201 et
1398 1159 1567 1201 Persius
1599 1158 1735 1213 (Pers.

147 1225 287 1280 1,114)
322 1225 554 1280 celebrant;
594 1238 819 1279 congerere
854 1230 896 1267 et
926 1224 1151 1280 disponere
1179 1225 1400 1267 verborum
1430 1224 1739 1267 Lucilianorum

145 1291 323 1348 copiam,
358 1292 649 1348 proprietateS,
687 1291 996 1346 singularitates
1035 1317 1090 1322 ——
1124 1291 1167 1334 id
1212 1291 1350 1335 adhuc
1392 1292 1614 1346 neminem,
1657 1291 1741 1334 nisi

146 1357 358 1402 Gerlachii
367 1359 395 1412 ¹)
415 1359 571 1414 primos
592 1358 635 1400 in
654 1357 962 1414 prolegomenis
983 1358 1176 1401 editionis
1199 1372 1300 1401 suae
1322 1358 1470 1401 Lucilii
1494 1364 1539 1400 ut
1561 1359 1737 1413 exiguos

142 1424 204 1468 ita
242 1424 357 1468 haud
391 1425 513 1468 dubie
549 1424 760 1468 obsoletos
798 1424 1055 1479 aliorumque
1091 1424 1223 1480 (velut
1265 1425 1364 1469 Luc.
1408 1425 1575 1468 Mulieri
1617 1424 1659 1468 d.
1702 1438 1736 1469 r.

142 1494 263 1536 metr.
304 1491 397 1535 libr.
439 1492 552 1548 VII.)
595 1491 811 1547 dispersos
854 1491 1030 1547 respicis
1073 1495 1269 1546 conatus,
1318 1492 1503 1535 collectis
1548 1492 1738 1536 omnibus

143 1558 401 1615 suscepisse,
449 1558 493 1600 in
539 1562 658 1600 tanta.
704 1558 1096 1601 commentationum
1148 1558 1203 1601 (16
1250 1558 1450 1616 Lucili02)
1499 1559 1566 1602 his
1614 1559 1738 1602 annis

143 1624 422 1680 quadraginta
456 1624 660 1667 editarum
695 1624 958 1667 multitudine
987 1625 1083 1680 jure
1118 1625 1327 1669 miramur.
1404 1625 1513 1668 Nam
1550 1626 1630 1669 etsi
1665 1626 1738 1670 lux

143 1703 247 1734 vere
275 1690 488 1747 sospitalis
508 1691 600 1747 ejus
620 1691 806 1746 reliquiis
826 1691 1019 1733 nimirum
1047 1691 1233 1733 nondum
1262 1696 1354 1734 orta
1380 1695 1444 1734 est
1462 1692 1738 1749 plurimaque,

145 1770 255 1813 quae
297 1771 404 1812 eam,
448 1771 573 1812 quam
607 1756 853 1812 significavi,
895 1771 984 1800 rem
1026 1758 1195 1800 omnino
1237 1758 1373 1813 magis
1416 1759 1567 1802 tentari
1611 1773 1737 1815 quam

143 1823 309 1867 absolvi
347 1837 474 1880 posse
519 1823 755 1878 ostendant,
799 1837 892 1865 eam
928 1824 1121 1866 tractanti
1165 1825 1343 1878 obstant,
1386 1825 1482 1880 ipsa
1527 1825 1737 1902 fragmina
1823 1856 1830 1865 1

142 1893 285 1933 tamen
310 1893 506 1933 contextu
532 1890 751 1932 verborum
772 1889 915 1932 divina
940 1890 1200 1933 Lachmanni
1225 1888 1483 1948 aliorumque
1504 1893 1738 1950 principum

141 1956 188 2000 in
214 1956 296 2000 hoc
323 1956 424 2000 artis
445 1970 600 2012 genere
621 1970 751 2012 opera
779 1970 1075 2012 nonnunquam
1094 1958 1312 2033 ingeniose
1331 1958 1535 2013 restituto,
1566 1960 1736 2016 saepius

143 2023 391 2080 conjecturis
434 2023 715 2079 probabilibus
753 2024 994 2078 emendato,
1038 2025 1253 2067 rarissime
1294 2026 1347 2068 ab
1396 2025 1587 2068 omnibus
1634 2026 1736 2069 viris

145 2089 279 2134 doctis
307 2089 434 2147 plane
462 2090 619 2134 incerto
649 2095 690 2133 et
716 2090 942 2134 insanabili
970 2090 1113 2135 relicto
1142 2091 1379 2146 mehercle‚·
1394 2097 1438 2134 ut
1468 2097 1576 2147 sunt,
1606 2093 1736 2149 digna

144 2161 253 2211 sunt,
290 2171 344 2200 ex
379 2157 525 2212 quibus
561 2157 677 2200 illum
713 2157 853 2212 quoad
887 2158 977 2200 fieri
1013 2158 1164 2214 poterit
1200 2158 1415 2214 capiamus
1452 2157 1640 2215 fructum,
1681 2160 1737 2204 (16

145 2235 228 2279 quo
256 2222 349 2280 jam
375 2222 564 2266 Ribbeck
592 2224 725 2278 (Neue
753 2223 895 2266 Jahrb.
925 2223 990 2266 fiir
1018 2224 1126 2267 Phil.
1166 2225 1286 2279 1857,
1326 2225 1378 2268 75
1412 2239 1454 2281 p.
1477 2226 1575 2280 311)
1614 2226 1732 2270 hisce

143 2289 282 2333 verbis
312 2288 527 2332 disseruit:
573 2290 679 2344 „Die
713 2288 965 2332 Inschristen
998 2289 1147 2333 flihren
1184 2305 1235 2333 zu
1278 2290 1353 2334 der
1389 2290 1732 2348 Ueberzeugung,

143 2355 245 2399 dass
289 2355 467 2406 Ennius,
505 2355 655 2408 Attius,
699 2355 879 2398 Lucilius
930 2356 1194 2400 ebensoviele
1237 2358 1603 2412 Reprasentanten
1644 2358 1732 2400 und

143 2420 334 2464 Urheber
359 2421 616 2463 bestimmter
645 2421 844 2476 Epochen
873 2421 914 2462 in
945 2421 1019 2463 der
1049 2422 1239 2478 Spraehe
1269 2423 1355 2465 und
1376 2423 1730 2467 Schriftentwick-

144 2486 247 2542 lung
274 2501 471 2542 gewesen
500 2486 607 2528 sind.
664 2487 745 2529 Die
774 2486 1031 2542 Verfolgung
1059 2487 1200 2531 dieses
1232 2490 1626 2546 Gesichtspunktes,
1663 2490 1732 2533 (116

147 2553 493 2609 Zurlickflihrung
511 2552 586 2595 der
606 2552 823 2595 einzelnen
842 2553 1118 2608 Neuerungen
1147 2555 1223 2598 auf
1244 2556 1335 2599 ihre
1359 2557 1732 2600 muthmasslichen

147 2618 529 2663 Gewfihrsmanner
547 2619 634 2661 und
654 2618 722 2661 die
741 2619 1011 2674 Aufspurung
1030 2618 1104 2662 der
1124 2620 1415 2665 Stimmfflhrer
1440 2623 1526 2665 und
1547 2623 1732 2666 Schulen

144 2683 255 2728 auch
281 2683 347 2727 fflr
374 2685 442 2728 die
471 2690 638 2742 sp‘atere
658 2685 749 2727 Zeit
767 2684 874 2727 wird
903 2698 954 2726 zu
979 2684 1062 2727 den
1091 2685 1465 2731 interessantesten
1484 2688 1730 2732 Resultaten

263 2795 288 2838 ¹)
311 2793 369 2832 Fr.
391 2795 473 2833 Dor.
497 2795 642 2832 Gerlach
667 2795 737 2839 (G.)
763 2794 814 2831 ed,
837 2793 961 2828 Lucilii
983 2795 1116 2832 satiras.
1140 2795 1254 2831 Turici
1278 2797 1373 2832 1846.

259 2850 287 2893 ²)
315 2849 376 2887 cfr,
409 2849 449 2887 E.
483 2850 634 2892 Hiibner,
673 2849 858 2886 Grundriss
899 2859 940 2883 zu
982 2849 1047 2884 deu
1080 2850 1315 2896 Vorlesungen
1354 2853 1438 2888 fiber
1478 2853 1534 2888 die
1562 2853 1731 2889 romische

148 2903 524 2948 utentumoeehiehw.
567 2905 677 2942 Borol.
704 2904 799 2947 1878,
825 2905 843 2948 g
867 2904 922 2939 31.

1490 2968 1531 3004 1*
