1910 3034
43 179 132 250 ,gu-'2
188 192 256 249 ιν)
303 191 470 235 Deinde
506 191 690 234 maxime
728 189 1015 234 memorabilia
1049 193 1145 232 sunt
1177 187 1263 245 adj.
1302 189 1609 236 ammas,
1649 200 1675 231 θ

16 274 23 310 2
47 265 62 282 ⁴
78 255 228 315 quibus
255 256 364 300 haec
392 271 420 301 a
439 257 675 301 nominibus
698 256 966 312 appellativis
995 255 1189 299 derivata
1215 268 1284 311 ap.
1306 253 1510 298 Lucilium
1540 253 1675 297 solum

18 332 50 403 g
77 323 365 380 reperiuntur:

26 408 44 429 ς
188 426 436 466 aceratus
465 423 492 464 i.
522 436 559 464 e.
577 434 701 465 acere
721 421 791 464 vel
819 421 953 477 paleis
973 421 1142 475 mixtuS,
1171 434 1212 462 v.
1232 421 1316 463 292
1344 420 1404 475 (9,
1422 420 1518 473 47):
1548 434 1674 474 „nam

52 487 255 532 ‘laterem
292 488 365 544 qui
393 489 518 542 ducit,
556 488 683 531 habet
719 488 822 530 nihil
858 486 1038 543 amplius
1076 500 1258 541 unquam
1294 500 1418 541 quam
1454 499 1674 528 commune

33 558 38 562 ’
80 553 211 598 lutum
240 561 283 598 et
311 554 459 610 paleas
481 568 739 608 caenumque
768 555 1007 597 aceratum“
1038 553 1141 607 (M‚).
1201 553 1272 596 Sic
1299 553 1446 608 paucis
1476 553 1672 595 correctis

24 672 27 673 ⁷
75 634 105 664 a
133 621 259 665 Junio
288 625 331 664 et
358 621 428 664 Fr.
448 622 595 664 Dousa
623 622 729 664 Non.
760 635 801 676 p.
821 621 917 674 445,
947 620 998 662 21
1030 619 1214 662 exhibet.
1271 619 1378 662 Vide
1407 619 1535 662 etiam
1552 618 1672 661 Paul.

81 688 175 742 187,
205 687 250 730 7;
280 687 439 741 „lutum
468 692 683 731 aceratum
712 687 846 743 paleis
876 687 1093 729 mixtum.“
1157 685 1354 728 Finxisse
1383 689 1523 728 autem
1552 684 1672 728 Luci·

25 784 29 786 .
74 752 177 796 lium
204 753 286 797 hoc
312 753 398 810 adj.
429 767 483 796 ex
514 767 564 797 eo
594 753 834 807 concludas,
864 752 976 808 quod
1004 756 1228 808 praetcrea
1257 751 1359 794 solis
1390 751 1433 793 in
1462 751 1528 805 iis,
1565 764 1674 806 quae

22 866 26 871 ,
75 822 259 862 aetatem
286 819 484 874 tulerunt,
515 820 607 876 ejus
636 820 821 875 reliquiis
851 819 958 863 haec
987 817 1318 874 quattuordecim
1356 821 1502 860 extant
1531 816 1672 873 adjec-

74 884 163 928 tiva
190 885 235 928 in
262 888 467 940 „—atus“
498 886 735 929 desinentia
755 900 890 942 caque
917 900 945 928 a
973 885 1243 928 substantivis
1264 883 1534 940 appellativis
1555 883 1671 926 ficta:

22 1005 33 1010 -
77 960 323 1018 „adipatus“
346 963 395 1005 V.
423 962 500 1017 frg.
522 962 576 1007 X.
609 963 1063 1017 dimidiatusinc.7836,
1077 963 1126 1004 13
1141 963 1340 1018 pinnatus
1368 961 1435 1013 26,
1464 961 1521 1003 34

77 1023 299 1083 „auratus“
331 1029 370 1082 2,
400 1029 455 1071 26
606 1030 838 1085 impuratus
868 1030 908 1083 2,
942 1031 963 1072 1
1141 1032 1428 1084 papaveratus
1471 1027 1553 1070 inc.
1592 1027 1670 1083 frg.

19 1096 23 1105 '
75 1094 325 1149 „barbatus“
357 1095 425 1149 30,
457 1096 507 1138 77
605 1096 841 1139 illitteratus
870 1097 936 1149 26,
969 1097 1023 1139 32
1373 1094 1616 1137 CXXXIX.

22 1168 25 1170 ’
77 1162 336 1217 „capitatus“
367 1162 407 1216 2,
436 1163 488 1204 21
608 1163 832 1206 inusitatus
864 1165 903 1216 6,
932 1163 987 1206 33
1141 1161 1436 1204 vermiculatus
1464 1162 1545 1205 inc.
1574 1161 1631 1203 34

77 1229 312 1283 „cretams“
342 1229 424 1271 inc.
457 1230 539 1271 140
607 1229 833 1285 paludatus
866 1230 930 1283 10,
962 1231 988 1272 9
1140 1228 1326 1271 viscatus
1356 1228 1423 1280 28,
1453 1227 1521 1270 58.

187 1327 375 1369 ratitus
419 1328 444 1370 i.
490 1341 525 1370 e.
571 1329 673 1370 ratis
717 1329 900 1384 imagine
931 1332 1121 1382 ornatuS,
1170 1342 1209 1372 v.
1257 1328 1361 1370 1081
1412 1327 1508 1381 (inc.
1554 1328 1673 1381 113):

76 1392 337 1448 „quadranti’
358 1394 509 1438 ratiti“.
568 1394 786 1437 Traditum
816 1409 885 1451 ap.
906 1396 1025 1438 Varr.
1056 1395 1110 1437 de
1134 1395 1161 1436 l.
1183 1394 1208 1438 1.
1230 1395 1294 1448 V.,
1313 1395 1388 1436 44:
1422 1393 1671 1447 „Velabrum

73 1473 101 1502 a
119 1459 314 1502 vehendo
335 1494 344 1503 .
366 1459 599 1503 velaturam
620 1461 759 1504 facere
789 1462 917 1504 etiam
946 1475 1055 1504 nunc
1082 1461 1275 1504 dicuntur
1305 1460 1376 1515 qui
1404 1459 1449 1503 id
1477 1459 1673 1504 mercede

72 1525 239 1570 faciunt.
271 1540 432 1570 merces
453 1526 549 1570 huic
568 1531 777 1583 vecturae,
808 1541 892 1583 qua
911 1528 1051 1581 (codd.
1075 1528 1217 1583 „qui“)
1245 1527 1403 1570 ratibus
1423 1526 1671 1581 transibant,

74 1591 301 1647 quadrans.
330 1593 384 1635 ab
415 1605 465 1635 eo
486 1593 670 1635 Lucilius
698 1593 882 1649 scripsit:
915 1593 1186 1649 „quadrantis
1217 1593 1370 1636 ratiti“.
1428 1593 1512 1637 Cfr.
1544 1593 1671 1636 etiam

73 1658 187 1702 Fest.
222 1672 264 1714 p.
294 1658 378 1700 274
406 1660 479 1712 (a),
521 1660 572 1701 10
601 1674 692 1714 sqq.
730 1659 867 1714 (Paul.
897 1674 938 1715 p.
968 1660 1064 1714 275,
1102 1661 1145 1713 3)
1182 1674 1251 1715 ap.
1288 1659 1389 1702 Luc.
1418 1658 1532 1702 Mun.
1571 1658 1669 1702 edit.

73 1737 114 1780 p.
146 1724 226 1766 147
255 1723 299 1766 in
327 1729 470 1766 annot.
499 1724 609 1766 crit.:
642 1723 823 1781 [ratitum
845 1725 1137 1782 quadrantem]
1169 1725 1328 1780 Tarqui
1357 1725 1456 1780 [tius
1486 1758 1497 1768 .
1528 1758 1539 1767 .
1569 1724 1596 1783 .]
1628 1729 1673 1768 et

35 1839 38 1843 ,
74 1789 237 1846 Opilius
283 1788 490 1846 [Aurelius
529 1789 681 1832 dictum
717 1795 884 1846 putant,
929 1791 1055 1847 quod]
1099 1791 1142 1833 in
1187 1805 1237 1834 eo
1280 1795 1322 1833 et
1355 1790 1524 1848 tri[ente
1566 1791 1669 1834 ratis
1730 1788 1736 1792 ”

73 1855 198 1899 fuerit
225 1854 420 1912 effigies],
456 1862 499 1898 ut
529 1856 651 1898 navis
686 1857 729 1899 in
763 1856 880 1914 as[se
896 1892 905 1900 .
922 1857 1033 1900 unde
1062 1856 1261 1914 Lucilius]
1302 1871 1468 1913 quoque
1501 1858 1670 1900 ratitum

74 1920 244 1979 [dixerit
271 1920 578 1978 quadrantem}

181 2023 431 2053 acetosus
468 2010 493 2054 i.
526 2023 563 2053 e.
601 2010 737 2054 aceris
778 2026 810 2054 s,
849 2010 998 2066 paleae
1035 2011 1198 2066 plenus,
1235 2025 1275 2054 v.
1304 2013 1344 2066 4,
1373 2011 1426 2054 21
1458 2011 1543 2066 (15,
1573 2012 1667 2067 29):

77 2089 211 2131 „quae
230 2076 384 2131 gallam
405 2077 547 2120 bibere
571 2090 622 2119 ac
642 2090 769 2132 rugas
790 2077 1023 2120 conducere
1046 2078 1204 2119 ventris
1225 2077 1336 2133 farre
1356 2091 1543 2131 aceroso,
1574 2077 1668 2121 oleo

72 2141 303 2186 decumano
333 2156 470 2198 poena
490 2143 682 2197 eoegit‘?“
714 2143 819 2196 (M.).
878 2141 1045 2198 Optime
1065 2142 1252 2185 codicum
1272 2143 1397 2185 Nonii
1426 2158 1467 2199 p.
1495 2144 1592 2198 445,
1615 2145 1669 2186 14

72 2208 353 2264 corruptelas:
376 2208 485 2263 „olei
505 2208 738 2254 decumano
759 2223 868 2264 pane
886 2210 1096 2252 Cumano“
1116 2209 1163 2250 L.
1180 2208 1400 2251 Miillerum
1414 2210 1667 2264 correxisse,

73 2288 165 2317 cum
200 2274 248 2318 L.
286 2287 363 2330 pro
403 2274 535 2327 „olei“
567 2274 767 2317 audacius
798 2275 1074 2318 Catonianum
1112 2275 1183 2327 (de
1219 2288 1251 2316 r.
1283 2289 1314 2319 r.
1347 2276 1441 2329 149,
1470 2277 1514 2329 2)
1550 2275 1666 2318 illum

73 2339 158 2382 dat.
188 2342 293 2395 plur.
327 2339 502 2394 „oleris“
538 2344 631 2396 (pro
654 2341 907 2395 „oleribus“)
938 2340 1097 2383 Lucilio
1126 2341 1350 2384 attribuere
1378 2355 1508 2384 ansus
1540 2346 1667 2396 esset,

71 2406 282 2450 neminem
302 2406 420 2461 fugit.
470 2405 553 2449 Cfr.
575 2405 629 2449 M.
652 2419 798 2450 comm.
820 2420 860 2461 p.
882 2407 974 2449 239.
1034 2406 1194 2449 Ibidem
1215 2407 1396 2449 Nonius:
1420 2421 1665 2462 „acetosum

72 2485 253 2528 namque
291 2486 444 2528 panem
475 2473 586 2515 farre
622 2472 782 2527 (codd.:
820 2471 948 2526 ferre)
983 2473 1120 2515 minus
1155 2477 1334 2529 purgato
1371 2474 1530 2527 (codd.:
1569 2488 1663 2530 pur-

71 2538 206 2594 gatio)
233 2552 312 2582 nec
332 2538 523 2581 sordibus
554 2553 580 2581 a
610 2539 790 2581 candido
822 2539 1029 2594 separatis
1054 2539 1276 2582 dicendum
1297 2545 1463 2583 veteres
1493 2544 1664 2597 putave-

71 2605 206 2647 runt.“
265 2604 350 2648 Cfr.
378 2605 495 2648 Paul.
527 2618 581 2647 ex
610 2605 726 2647 Fest.
758 2606 851 2658 187,
882 2605 918 2648 7.

183 2702 397 2746 labosus
426 2704 453 2746 i.
485 2718 520 2747 e.
551 2703 743 2756 lubricus,
782 2717 820 2747 v.
851 2704 905 2746 88
934 2705 990 2759 (3,
1023 2705 1112 2760 10):
1160 2709 1406 2761 „praeterea
1435 2719 1559 2749 omne
1586 2706 1665 2749 iter

73 2772 139 2809 est
166 2767 247 2810 hoc
267 2767 455 2812 labosum
484 2774 610 2825 atque
640 2769 860 2813 lutosum“.
918 2770 1043 2813 Nonii
1072 2785 1112 2826 p.
1133 2771 1227 2823 489,
1252 2773 1299 2814 11
1332 2785 1530 2825 errorem,
1561 2771 1603 2814 h.
1624 2786 1664 2814 v.

72 2845 101 2875 a
136 2831 305 2887 „labos“
344 2848 420 2889 pro
460 2835 628 2889 „labor“
667 2835 901 2878 derivatum
939 2849 1056 2889 esse,
1094 2836 1148 2880 M.
1187 2850 1334 2880 comm.
1371 2853 1413 2894 p.
1449 2839 1553 2892 203,
1595 2838 1666 2880 ubi

0 2948 3 2950 ,
71 2897 224 2942 multos
245 2899 432 2955 ejusdem
452 2901 621 2956 generis
642 2915 806 2945 errores
827 2901 1045 2946 Nonianos
1065 2908 1291 2957 enumerat,
1310 2904 1408 2960 jure
1427 2904 1664 2960 redarguit3
