1780 3022
994 33 1048 77 68
1729 0 1780 287 1

335 172 379 226 β)
409 168 598 226 ,,μοῖλα“
630 171 672 210 ct
691 168 862 225 ,,ρεῖα“
883 180 1007 210 versu
1035 166 1108 210 illo
1137 166 1239 208 309:
1269 167 1391 223 „deta
1410 165 1507 222 μάλ’
1541 161 1647 210 ὥστε
1673 170 1727 210 &a

225 234 309 278 Cfr.
341 249 468 291 supra
497 248 586 278 voc.
617 233 925 291 ,,ἐξη’ρπαξεν.“
955 258 1010 264 -
1037 233 1092 277 M.
1125 232 1276 275 omisit.

910 423 947 467 b.
980 422 1132 468 latina:
1764 286 1780 477 l

334 500 562 556 demagis
604 514 642 545 v.
671 501 751 543 451
791 502 875 554 (16,
907 501 969 556 7);
1012 500 1111 542 vide
1140 498 1397 554 „austellus“
1426 512 1467 554 p.
1497 497 1549 539 31
1594 497 1680 554 huj.
1712 497 1780 540 dis

222 569 287 611 De
324 567 405 611 hoc
448 581 538 612 voc.
582 567 661 610 viri
704 567 814 610 docti
850 567 998 610 mirum
1042 567 1085 608 in
1118 565 1288 609 modum
1323 564 1593 619 dissentiunt,
1637 577 1731 607 cum
1766 563 1780 607 l

221 634 390 677 omnino
419 634 549 676 fuisse
583 633 666 676 tale
697 647 786 677 voc.
818 637 955 688 neget,
993 633 1065 676 alii
1095 638 1247 686 autem,
1286 632 1386 687 quin
1413 631 1550 686 fuerit,
1586 644 1672 674 non
1701 629 1780 689 dul!

219 704 358 744 tantes
378 704 519 743 tamen
539 700 593 742 de
614 699 918 755 significatione
938 699 1250 742 diversissimas
1271 699 1486 755 proferant
1505 697 1739 754 opiniones.
1761 721 1780 728 -

221 768 274 810 Et
303 767 376 810 ille
405 767 573 822 quidem
610 781 650 822 p.
680 767 732 809 51
772 767 870 809 edit.
906 771 1066 810 annot.:
1112 767 1234 821 „Non
1270 765 1416 822 potuit,
1451 764 1598 820 inquit,
1633 759 1780 807 Lucilii

220 834 331 877 hanc
349 833 705 890 praepositionem
726 847 834 888 quae
857 841 921 876 est
941 833 1051 889 „de“
1073 833 1328 889 conjungere
1348 846 1442 875 cum
1461 831 1676 886 adverbiO,
1705 837 1780 886 qud

219 914 304 944 non
334 901 590 956 significaret
627 899 775 943 locum.
813 900 905 956 jam
935 900 1033 954 quia
1063 900 1272 956 syllabam
1302 899 1514 942 excidisse
1549 901 1729 955 apparet
1761 922 1780 929 -

222 967 292 1025 [—
318 967 363 1010 id
393 966 502 1023 quod
518 966 611 1023 jam
641 966 768 1022 Gerl„
799 980 922 1022 quem
946 967 1047 1010 Luc.
1069 967 1267 1010 Miillerus
1299 970 1466 1009 secutus
1497 969 1575 1021 est,
1606 963 1780 1020 cognovi

218 1035 278 1077 ita
306 1039 460 1088 tamen,
490 1041 535 1076 ut
564 1034 720 1090 optime
751 1047 841 1077 voc.
875 1033 1006 1089 „sed“
1034 1034 1142 1077 inter
1171 1047 1263 1076 voc.
1293 1033 1466 1088 ,‚solos“
1500 1036 1543 1075 et
1569 1030 1780 1087 „demagis

218 1102 514 1157 interponeret.
543 1099 628 1158 —],
664 1106 764 1157 puto
803 1100 1067 1144 scribendum
1107 1113 1204 1143 esse
1247 1113 1357 1155 „quo
1395 1099 1450 1142 de
1482 1097 1661 1154 magis“.
1734 1096 1780 1153 Q]

219 1168 386 1224 quidem
434 1168 619 1210 maxime
661 1167 924 1223 redarguitur
968 1181 1039 1222 eo,
1089 1167 1200 1222 quod
1243 1166 1448 1210 adverbia
1475 1165 1724 1221 „desubito“
1771 1178 1780 1205 ⁴

222 1235 506 1293 „derepente“
543 1249 612 1291 ap.
650 1234 800 1289 Plaut.,
838 1235 1007 1288 Comic.‚
1045 1234 1191 1290 LuciL,
1228 1235 1365 1289 Lucr.,
1404 1233 1503 1287 Cic.,
1539 1231 1780 1275 usitatissim

217 1303 450 1359 composita
486 1306 582 1345 sunt
612 1316 664 1345 ex
695 1302 805 1357 „de“
841 1306 882 1344 ct
910 1302 1135 1357 adverbiis,
1174 1314 1283 1356 quae
1316 1299 1642 1356 haudquaquam
1677 1299 1780 1342 locui

218 1370 466 1425 significant.
495 1395 551 1401 ——
581 1371 647 1412 De
666 1369 836 1413 notione
867 1369 927 1411 sic
949 1370 1092 1412 statuit
1113 1369 1232 1412 Fest.
1253 1367 1371 1411 Paul.
1403 1368 1469 1422 79,
1492 1367 1535 1409 l:
1566 1365 1780 1422 „demagis

218 1451 293 1493 pro
323 1437 516 1492 „minus“
544 1437 707 1492 antiqui
735 1436 979 1491 dicebant;“
1010 1439 1053 1478 et
1082 1440 1227 1478 contra
1250 1435 1357 1478 Non.
1388 1434 1455 1489 98,
1478 1434 1549 1476 15:
1580 1431 1780 1489 „demagi1

215 1504 341 1548 valde
371 1505 535 1560 magis‘⁴
566 1504 696 1547 Lucil.
727 1504 796 1547 lib.
827 1504 969 1546 XVI.“
1029 1503 1216 1554 Quocum
1236 1502 1392 1545 faciunt
1420 1501 1528 1544 duae
1558 1499 1742 1556 glossae,
1770 1513 1780 1542 1

215 1573 276 1615 ait
309 1573 439 1615 Lowe
474 1586 514 1628 p.
551 1573 652 1614 332:
691 1571 930 1627 „demagis:
969 1571 1198 1629 σφοδρῶς“
1236 1569 1460 1612 Philoxeni
1497 1572 1538 1611 et
1572 1566 1780 1623 „demagil

215 1640 528 1694 vehementer“,
559 1639 706 1694 quibus
727 1638 929 1693 neglectis
950 1638 1005 1680 M.
1035 1638 1079 1679 in
1099 1651 1245 1680 comm.
1277 1651 1316 1692 p.
1344 1636 1428 1678 240
1446 1634 1628 1679 Nonium
1647 1646 1780 1676 errass

216 1712 332 1749 ratus
362 1707 511 1749 mirum
548 1706 591 1748 in
620 1706 790 1749 modum
818 1706 946 1748 Festo
976 1704 1214 1747 assentitur.
1275 1703 1432 1746 Contra
1460 1700 1653 1757 equidem
1681 1700 1780 1743 tribu

219 1774 306 1817 scil.
327 1773 452 1817 Nonii
473 1779 514 1816 et
534 1773 772 1828 glossarum
791 1772 959 1828 adjutus
979 1771 1230 1815 testimoniis
1247 1770 1363 1813 Festi
1381 1770 1602 1812 lectionem
1621 1767 1780 1824 „minus

218 1855 272 1883 ex
301 1841 481 1896 „nimis“
503 1839 735 1882 mutilatam
769 1853 866 1882 esse
895 1853 987 1882 cum
1009 1838 1290 1893 compluribus
1319 1836 1421 1879 viris
1451 1835 1586 1878 doctis
1607 1834 1780 1878 existim

216 1932 270 1938 —
301 1907 494 1950 Ceterum
523 1906 596 1949 cfr.
626 1905 826 1959 Wolfflin,
855 1905 1005 1948 Philol.
1035 1906 1090 1947 34
1118 1919 1157 1960 p.
1191 1904 1270 1946 149
1301 1918 1392 1959 sqq.
1424 1907 1466 1946 et
1493 1903 1542 1945 R.
1573 1917 1614 1958 p.
1643 1901 1738 1944 234.

329 1973 650 2028 semigraecc
694 1987 733 2016 v.
771 1972 878 2014 3301)
917 1973 971 2026 (9,
1003 1972 1092 2025 34):
1139 1986 1188 2026 „s
1239 1976 1427 2013 nostrum
1472 1974 1513 2012 et
1551 1969 1780 2026 semigraec

217 2041 329 2096 quod
364 2040 527 2083 dicimu'
569 2041 706 2095 sigma
741 2039 800 2081 nil
834 2039 987 2082 erroris
1024 2038 1192 2081 habet.“
1265 2038 1334 2080 Sic
1371 2049 1516 2079 omnes
1553 2035 1674 2079 codd.
1704 2030 1780 2090 Vel?

216 2108 352 2163 Longi
384 2122 424 2163 p.
455 2108 566 2150 2214
602 2106 802 2149 exhibent
830 2120 966 2160 neque
1003 2105 1131 2148 ullam
1163 2104 1287 2147 video
1317 2117 1503 2159 causam,
1538 2116 1611 2146 cur
1640 2116 1733 2146 cum
1760 2131 1763 2135 ψ

215 2174 413 2217 Mullero·
453 2189 501 2228 „s
531 2177 780 2228 nostrorum,
819 2173 944 2216 etiam
975 2173 1139 2216 Graece
1178 2186 1214 2215 e.
1250 2186 1288 2227 q
1335 2173 1383 2214 s.‘
1388 2170 1718 2228 ‘conjiciamus

219 2242 415 2284 Ceterum
443 2240 527 2297 adj.
559 2241 900 2296 „semigraecus“
930 2254 998 2316 ap.
1028 2240 1149 2284 Varr.
1181 2239 1295 2282 Suet.
1325 2238 1436 2281 Flor.
1465 2237 1686 2281 invenitur.
1757 2254 1780 2306 ἦ

328 2308 547 2351 zonatim
577 2309 621 2363 (a
654 2321 773 2362 zona,
806 2307 939 2364 ζωνή)
968 2307 995 2351 i.
1028 2320 1063 2349 e.
1085 2307 1250 2360 circum,
1281 2319 1320 2350 v.
1346 2305 1429 2348 215
1448 2306 1505 2362 (6,
1526 2305 1617 2360 28):
1647 2293 1780 2420 ,,ΖοΞ

215 2375 289 2417 tim
319 2375 473 2418 circum
501 2374 746 2430 impluvium
776 2387 812 2416 e.
845 2389 883 2429 q.
916 2374 963 2417 s.‘
1015 2399 1071 2403 —
1107 2373 1191 2416 Cfr.
1221 2374 1287 2428 N.,
1320 2372 1389 2426 ΙΙ,
1420 2372 1541 2419 668..
1549 2397 1606 2403 -
1642 2372 1708 2415 De

215 2442 369 2485 verbiis
398 2455 442 2491 in
468 2442 636 2496 „—im“
666 2441 951 2484 desinentibus
982 2441 1054 2485 cir.
1085 2442 1128 2484 in
1158 2441 1400 2484 universum
1419 2441 1486 2496 N„
1515 2439 1586 2495 IL,
1615 2440 1697 2483 662
1718 2436 1780 2497 sq(

215 2513 257 2551 et
285 2509 372 2552 Leo
403 2509 561 2564 Meyer,
592 2507 794 2552 Zeitschr.
825 2507 891 2549 fiir
920 2508 1004 2563 vgl.
1037 2508 1356 2564 Sprachforsch.
1386 2509 1413 2551 6
1442 2522 1481 2564 p.
1511 2508 1593 2550 301
1623 2522 1687 2564 sq.

326 2575 639 2632 zopyriatim
668 2576 694 2617 i.
717 2589 751 2619 e.
783 2575 826 2617 in
855 2575 1024 2618 modum
1046 2575 1217 2632 Zopyri,
1247 2588 1286 2618 v.
1307 2575 1390 2618 289
1419 2576 1475 2632 (9,
1505 2575 1594 2631 74):
1625 2574 1778 2636 „arripi

215 2645 256 2684 et
285 2646 463 2684 rostrum
498 2642 726 2697 labeasque
762 2643 858 2685 huic
894 2642 1143 2699 zopyriatim
1172 2642 1359 2699 percutio
1397 2656 1436 2686 e.
1473 2656 1512 2698 q.
1551 2644 1614 2686 s.“
1687 2641 1754 2694 Qu

215 2722 306 2751 voc.
333 2709 583 2764 Vargcsius,
618 2709 682 2752 cui
716 2709 771 2751 M.
810 2723 885 2752 suo
917 2709 1013 2766 jure
1040 2723 1240 2753 assensus
1280 2714 1363 2765 est,
1407 2709 1615 2765 sagaciter
1657 2637 1778 2894 exn}

215 2781 413 2824 mutilatis
449 2783 640 2826 codicum
676 2783 782 2826 Non.
818 2796 859 2838 p.
895 2782 991 2836 455,
1031 2780 1084 2823 10
1125 2779 1373 2822 lectionibus
1418 2777 1571 2834 (Lugd.
1611 2778 1632 2820 1
1670 2781 1712 2821 et

218 2848 322 2903 „hoc
350 2848 546 2892 zeferiat“
579 2854 620 2893 et
641 2849 797 2893 Guelfs
830 2849 935 2905 „hoc
955 2847 1180 2891 zeferiatu“
1210 2846 1403 2890 restituit.
1464 2845 1548 2889 cfr.
1569 2845 1623 2888 M.
1644 2857 1694 2888 co

214 2929 256 2972 p.
285 2915 387 2959 229:
421 2920 591 2972 „aperte
619 2916 814 2972 tangitur,
830 2882 900 2959 ⁷’de
929 2929 1009 2971 quo
1038 2915 1130 2959 libr.
1160 2914 1303 2957 XXII.
1332 2912 1535 2957 Lucilius:
1567 2911 1776 2979 „Zopyriq
