<?xml version="1.0" encoding="UTF-8"?>
<!DOCTYPE html PUBLIC "-//W3C//DTD XHTML 1.0 Transitional//EN"
    "http://www.w3.org/TR/xhtml1/DTD/xhtml1-transitional.dtd">
<html xmlns="http://www.w3.org/1999/xhtml" xml:lang="en" lang="en">
 <head>
  <title>
</title>
<meta http-equiv="Content-Type" content="text/html;charset=utf-8" />
  <meta name='ocr-system' content='tesseract 3.04.00' />
  <meta name='ocr-capabilities' content='ocr_page ocr_carea ocr_par ocr_line ocrx_word'/>
</head>
<body>
  <div class='ocr_page' id='page_1' title='image "./devocibuslucilia00fiscuoft_0078.png"; bbox 0 0 1780 3022; ppageno 0'>
   <div class='ocr_carea' id='block_1_1' title="bbox 881 88 936 134">
    <p class='ocr_par' dir='ltr' id='par_1_1' title="bbox 881 88 936 134">
     <span class='ocr_line' id='line_1_1' title="bbox 881 88 936 134; baseline -0.018 0"><span class='ocrx_word' id='word_1_1' title='bbox 881 88 936 134; x_wconf 89' lang='lat'>74</span> 
     </span>
    </p>
   </div>
   <div class='ocr_carea' id='block_1_2' title="bbox 777 148 1040 156">
    <p class='ocr_par' dir='ltr' id='par_1_2' title="bbox 777 148 1040 156">
     <span class='ocr_line' id='line_1_2' title="bbox 777 148 1040 156; baseline 0 2866"><span class='ocrx_word' id='word_1_2' title='bbox 777 148 1040 156; x_wconf 95' lang='lat' dir='ltr'> </span> 
     </span>
    </p>
   </div>
   <div class='ocr_carea' id='block_1_3' title="bbox 117 220 1767 619">
    <p class='ocr_par' dir='ltr' id='par_1_3' title="bbox 117 220 1767 619">
     <span class='ocr_line' id='line_1_3' title="bbox 198 220 1767 284; baseline -0.004 -13"><span class='ocrx_word' id='word_1_3' title='bbox 198 226 246 271; x_wconf 90' lang='lat' dir='ltr'>V.</span> <span class='ocrx_word' id='word_1_4' title='bbox 287 226 412 284; x_wconf 84' lang='lat' dir='ltr'><strong>Apud</strong></span> <span class='ocrx_word' id='word_1_5' title='bbox 434 226 727 270; x_wconf 79' lang='lat' dir='ltr'>Ciceronem</span> <span class='ocrx_word' id='word_1_6' title='bbox 751 225 884 268; x_wconf 90' lang='lat' dir='ltr'>solum</span> <span class='ocrx_word' id='word_1_7' title='bbox 899 228 1114 268; x_wconf 88' lang='lat' dir='ltr'>recurrunt</span> <span class='ocrx_word' id='word_1_8' title='bbox 1128 223 1235 267; x_wconf 89' lang='lat' dir='ltr'>haec</span> <span class='ocrx_word' id='word_1_9' title='bbox 1248 221 1452 267; x_wconf 85' lang='lat' dir='ltr'>vocabula</span> <span class='ocrx_word' id='word_1_10' title='bbox 1465 220 1701 266; x_wconf 83' lang='lat' dir='ltr'>Luciliana:</span> <span class='ocrx_word' id='word_1_11' title='bbox 1764 270 1767 271; x_wconf 16' lang='lat'><em>⁷</em></span> 
     </span>
     <span class='ocr_line' id='line_1_4' title="bbox 118 288 1655 351; baseline -0.004 -14"><span class='ocrx_word' id='word_1_12' title='bbox 118 294 342 338; x_wconf 89' lang='lat' dir='ltr'>combibo</span> <span class='ocrx_word' id='word_1_13' title='bbox 373 294 625 351; x_wconf 77' lang='grc' dir='ltr'>(συμπότης)</span> <span class='ocrx_word' id='word_1_14' title='bbox 660 294 739 336; x_wconf 92' lang='grc'>531</span> <span class='ocrx_word' id='word_1_15' title='bbox 771 293 855 348; x_wconf 97' lang='grc'>(26,</span> <span class='ocrx_word' id='word_1_16' title='bbox 885 294 968 347; x_wconf 87' lang='grc'>66).</span> <span class='ocrx_word' id='word_1_17' title='bbox 1028 292 1112 336; x_wconf 85' lang='lat' dir='ltr'>Cic.</span> <span class='ocrx_word' id='word_1_18' title='bbox 1143 305 1207 347; x_wconf 89' lang='lat' dir='ltr'>ep.</span> <span class='ocrx_word' id='word_1_19' title='bbox 1238 289 1295 333; x_wconf 91' lang='lat' dir='ltr'>ad</span> <span class='ocrx_word' id='word_1_20' title='bbox 1322 288 1420 333; x_wconf 87' lang='lat' dir='ltr'>fam.</span> <span class='ocrx_word' id='word_1_21' title='bbox 1451 290 1489 342; x_wconf 85' lang='lat'>9,</span> <span class='ocrx_word' id='word_1_22' title='bbox 1520 289 1588 344; x_wconf 92' lang='grc'>25,</span> <span class='ocrx_word' id='word_1_23' title='bbox 1616 288 1655 333; x_wconf 92' lang='grc'>2.</span> 
     </span>
     <span class='ocr_line' id='line_1_5' title="bbox 117 358 1365 416; baseline -0.002 -13"><span class='ocrx_word' id='word_1_24' title='bbox 117 360 406 416; x_wconf 84' lang='lat' dir='ltr'>glutinator</span> <span class='ocrx_word' id='word_1_25' title='bbox 434 362 513 404; x_wconf 89' lang='grc'>617</span> <span class='ocrx_word' id='word_1_26' title='bbox 545 361 627 416; x_wconf 87' lang='grc'>(28,</span> <span class='ocrx_word' id='word_1_27' title='bbox 658 360 744 414; x_wconf 82' lang='grc'>41),</span> <span class='ocrx_word' id='word_1_28' title='bbox 803 360 887 404; x_wconf 84' lang='lat' dir='ltr'>Cic.</span> <span class='ocrx_word' id='word_1_29' title='bbox 927 360 982 403; x_wconf 88' lang='lat' dir='ltr'>ad</span> <span class='ocrx_word' id='word_1_30' title='bbox 1011 360 1095 404; x_wconf 91' lang='lat' dir='ltr'>Att.</span> <span class='ocrx_word' id='word_1_31' title='bbox 1125 360 1165 414; x_wconf 87' lang='grc'>4,</span> <span class='ocrx_word' id='word_1_32' title='bbox 1194 358 1296 412; x_wconf 72' lang='lat'>400),</span> <span class='ocrx_word' id='word_1_33' title='bbox 1329 358 1365 401; x_wconf 92' lang='lat'>1.</span> 
     </span>
     <span class='ocr_line' id='line_1_6' title="bbox 117 423 1573 483; baseline -0.003 -13"><span class='ocrx_word' id='word_1_34' title='bbox 117 431 272 483; x_wconf 84' lang='lat' dir='ltr'>tagax</span> <span class='ocrx_word' id='word_1_35' title='bbox 304 429 387 471; x_wconf 94' lang='lat'>970</span> <span class='ocrx_word' id='word_1_36' title='bbox 415 429 498 482; x_wconf 83' lang='lat'>(30,</span> <span class='ocrx_word' id='word_1_37' title='bbox 529 428 613 481; x_wconf 90' lang='grc'>86).</span> <span class='ocrx_word' id='word_1_38' title='bbox 673 427 757 470; x_wconf 90' lang='lat' dir='ltr'>Cic.</span> <span class='ocrx_word' id='word_1_39' title='bbox 788 427 844 471; x_wconf 85' lang='lat' dir='ltr'>ad</span> <span class='ocrx_word' id='word_1_40' title='bbox 872 428 956 470; x_wconf 90' lang='lat' dir='ltr'>Att.</span> <span class='ocrx_word' id='word_1_41' title='bbox 987 428 1026 482; x_wconf 92' lang='grc'>6,</span> <span class='ocrx_word' id='word_1_42' title='bbox 1056 427 1094 481; x_wconf 93' lang='grc'>3,</span> <span class='ocrx_word' id='word_1_43' title='bbox 1127 428 1162 471; x_wconf 93' lang='grc'>1.</span> <span class='ocrx_word' id='word_1_44' title='bbox 1223 424 1307 468; x_wconf 87' lang='lat' dir='ltr'>Cfr.</span> <span class='ocrx_word' id='word_1_45' title='bbox 1336 424 1386 467; x_wconf 89' lang='lat' dir='ltr'>R.</span> <span class='ocrx_word' id='word_1_46' title='bbox 1416 437 1456 479; x_wconf 88' lang='lat' dir='ltr'>p.</span> <span class='ocrx_word' id='word_1_47' title='bbox 1481 423 1573 466; x_wconf 83' lang='lat'>119.</span> 
     </span>
     <span class='ocr_line' id='line_1_7' title="bbox 118 493 1324 552; baseline -0.002 -14"><span class='ocrx_word' id='word_1_48' title='bbox 118 508 431 552; x_wconf 81' lang='lat' dir='ltr'>percrepare</span> <span class='ocrx_word' id='word_1_49' title='bbox 460 495 541 537; x_wconf 94' lang='grc'>572</span> <span class='ocrx_word' id='word_1_50' title='bbox 573 495 656 550; x_wconf 88' lang='grc'>(26,</span> <span class='ocrx_word' id='word_1_51' title='bbox 686 495 770 549; x_wconf 92' lang='grc'>57).</span> <span class='ocrx_word' id='word_1_52' title='bbox 830 495 912 538; x_wconf 89' lang='lat' dir='ltr'>Cic.</span> <span class='ocrx_word' id='word_1_53' title='bbox 943 495 1063 538; x_wconf 91' lang='lat' dir='ltr'>Verr.</span> <span class='ocrx_word' id='word_1_54' title='bbox 1092 495 1130 549; x_wconf 96' lang='lat'>5,</span> <span class='ocrx_word' id='word_1_55' title='bbox 1164 494 1228 547; x_wconf 92' lang='lat'>13,</span> <span class='ocrx_word' id='word_1_56' title='bbox 1258 493 1324 535; x_wconf 91' lang='grc'>31.</span> 
     </span>
     <span class='ocr_line' id='line_1_8' title="bbox 118 556 1622 619; baseline -0.003 -14"><span class='ocrx_word' id='word_1_57' title='bbox 118 562 372 619; x_wconf 90' lang='lat' dir='ltr'>suppudet</span> <span class='ocrx_word' id='word_1_58' title='bbox 403 563 508 605; x_wconf 89' lang='lat'>1198</span> <span class='ocrx_word' id='word_1_59' title='bbox 530 562 624 617; x_wconf 91' lang='lat' dir='ltr'>(inc.</span> <span class='ocrx_word' id='word_1_60' title='bbox 650 562 759 616; x_wconf 87' lang='grc'>154).</span> <span class='ocrx_word' id='word_1_61' title='bbox 810 562 894 606; x_wconf 84' lang='lat' dir='ltr'>Cic.</span> <span class='ocrx_word' id='word_1_62' title='bbox 915 563 1035 618; x_wconf 82' lang='lat' dir='ltr'>epist.</span> <span class='ocrx_word' id='word_1_63' title='bbox 1057 563 1097 617; x_wconf 89' lang='grc'>9,</span> <span class='ocrx_word' id='word_1_64' title='bbox 1121 563 1156 617; x_wconf 93' lang='grc'>1,</span> <span class='ocrx_word' id='word_1_65' title='bbox 1180 562 1201 603; x_wconf 92' lang='grc'>1</span> <span class='ocrx_word' id='word_1_66' title='bbox 1227 564 1268 604; x_wconf 91' lang='lat' dir='ltr'>et</span> <span class='ocrx_word' id='word_1_67' title='bbox 1286 559 1386 604; x_wconf 88' lang='lat' dir='ltr'>ibid.</span> <span class='ocrx_word' id='word_1_68' title='bbox 1409 557 1472 612; x_wconf 91' lang='lat'>15,</span> <span class='ocrx_word' id='word_1_69' title='bbox 1496 557 1548 600; x_wconf 90' lang='grc'>16</span> <span class='ocrx_word' id='word_1_70' title='bbox 1566 556 1622 603; x_wconf 84' lang='lat' dir='ltr'>in.</span> 
     </span>
    </p>
   </div>
   <div class='ocr_carea' id='block_1_4' title="bbox 199 637 1710 1097">
    <p class='ocr_par' dir='ltr' id='par_1_4' title="bbox 199 637 1710 1097">
     <span class='ocr_line' id='line_1_9' title="bbox 282 637 1706 695; baseline -0.005 -11"><span class='ocrx_word' id='word_1_71' title='bbox 282 640 605 684; x_wconf 82' lang='lat' dir='ltr'>additament.:</span> <span class='ocrx_word' id='word_1_72' title='bbox 638 639 794 691; x_wconf 81' lang='lat' dir='ltr'>Quibus</span> <span class='ocrx_word' id='word_1_73' title='bbox 825 640 907 683; x_wconf 93' lang='lat' dir='ltr'>duo</span> <span class='ocrx_word' id='word_1_74' title='bbox 937 639 1120 695; x_wconf 90' lang='lat' dir='ltr'>adjicere</span> <span class='ocrx_word' id='word_1_75' title='bbox 1150 637 1251 681; x_wconf 88' lang='lat' dir='ltr'>mihi</span> <span class='ocrx_word' id='word_1_76' title='bbox 1279 637 1422 680; x_wconf 84' lang='lat' dir='ltr'>liccat:</span> <span class='ocrx_word' id='word_1_77' title='bbox 1452 649 1594 690; x_wconf 89' lang='lat' dir='ltr'>unum,</span> <span class='ocrx_word' id='word_1_78' title='bbox 1624 647 1706 691; x_wconf 90' lang='lat' dir='ltr'>quo</span> 
     </span>
     <span class='ocr_line' id='line_1_10' title="bbox 202 702 1705 763; baseline -0.004 -13"><span class='ocrx_word' id='word_1_79' title='bbox 202 707 369 763; x_wconf 90' lang='lat' dir='ltr'>quidem</span> <span class='ocrx_word' id='word_1_80' title='bbox 400 707 529 751; x_wconf 85' lang='lat' dir='ltr'>semel</span> <span class='ocrx_word' id='word_1_81' title='bbox 560 711 727 762; x_wconf 85' lang='lat' dir='ltr'>praeter</span> <span class='ocrx_word' id='word_1_82' title='bbox 756 707 885 749; x_wconf 92' lang='lat' dir='ltr'>Lucil.</span> <span class='ocrx_word' id='word_1_83' title='bbox 916 707 999 750; x_wconf 93' lang='lat'>874</span> <span class='ocrx_word' id='word_1_84' title='bbox 1020 707 1104 762; x_wconf 89' lang='lat'>(30,</span> <span class='ocrx_word' id='word_1_85' title='bbox 1125 707 1196 757; x_wconf 89' lang='grc'>47)</span> <span class='ocrx_word' id='word_1_86' title='bbox 1228 711 1268 748; x_wconf 85' lang='lat' dir='ltr'>et</span> <span class='ocrx_word' id='word_1_87' title='bbox 1299 705 1383 749; x_wconf 82' lang='lat' dir='ltr'>Cic.</span> <span class='ocrx_word' id='word_1_88' title='bbox 1413 703 1552 747; x_wconf 83' lang='lat' dir='ltr'>Flacc.</span> <span class='ocrx_word' id='word_1_89' title='bbox 1584 702 1623 758; x_wconf 90' lang='grc'>7,</span> <span class='ocrx_word' id='word_1_90' title='bbox 1655 702 1705 744; x_wconf 91' lang='grc'>17</span> 
     </span>
     <span class='ocr_line' id='line_1_11' title="bbox 200 769 1706 830; baseline -0.003 -14"><span class='ocrx_word' id='word_1_91' title='bbox 200 775 283 817; x_wconf 87' lang='lat' dir='ltr'>iam</span> <span class='ocrx_word' id='word_1_92' title='bbox 299 773 433 818; x_wconf 90' lang='lat' dir='ltr'>Plaut.</span> <span class='ocrx_word' id='word_1_93' title='bbox 464 774 558 817; x_wconf 92' lang='lat' dir='ltr'>trin.</span> <span class='ocrx_word' id='word_1_94' title='bbox 587 776 667 817; x_wconf 89' lang='grc'>862</span> <span class='ocrx_word' id='word_1_95' title='bbox 698 775 752 830; x_wconf 89' lang='grc'>(4,</span> <span class='ocrx_word' id='word_1_96' title='bbox 782 775 822 829; x_wconf 94' lang='grc'>2,</span> <span class='ocrx_word' id='word_1_97' title='bbox 852 774 923 828; x_wconf 88' lang='grc'>20)</span> <span class='ocrx_word' id='word_1_98' title='bbox 954 774 1018 818; x_wconf 91' lang='lat' dir='ltr'>ed.</span> <span class='ocrx_word' id='word_1_99' title='bbox 1050 773 1164 816; x_wconf 87' lang='lat' dir='ltr'>Brix.</span> <span class='ocrx_word' id='word_1_100' title='bbox 1195 786 1294 815; x_wconf 87' lang='lat' dir='ltr'>usus</span> <span class='ocrx_word' id='word_1_101' title='bbox 1325 775 1433 815; x_wconf 89' lang='lat' dir='ltr'>erat:</span> <span class='ocrx_word' id='word_1_102' title='bbox 1464 769 1706 813; x_wconf 87' lang='lat' dir='ltr'>zonarius</span> 
     </span>
     <span class='ocr_line' id='line_1_12' title="bbox 200 835 1710 896; baseline -0.001 -13"><span class='ocrx_word' id='word_1_103' title='bbox 200 841 225 885; x_wconf 91' lang='lat' dir='ltr'>i.</span> <span class='ocrx_word' id='word_1_104' title='bbox 258 855 294 885; x_wconf 87' lang='lat' dir='ltr'>e.</span> <span class='ocrx_word' id='word_1_105' title='bbox 331 842 399 896; x_wconf 91' lang='lat' dir='ltr'>qui</span> <span class='ocrx_word' id='word_1_106' title='bbox 421 855 547 884; x_wconf 90' lang='lat' dir='ltr'>zonas</span> <span class='ocrx_word' id='word_1_107' title='bbox 570 845 694 885; x_wconf 86' lang='lat' dir='ltr'>secat.</span> <span class='ocrx_word' id='word_1_108' title='bbox 756 840 839 884; x_wconf 82' lang='lat' dir='ltr'>Ofr.</span> <span class='ocrx_word' id='word_1_109' title='bbox 862 840 1049 883; x_wconf 85' lang='lat' dir='ltr'>diminut.</span> <span class='ocrx_word' id='word_1_110' title='bbox 1101 840 1364 895; x_wconf 81' lang='lat' dir='ltr'>„zonarium“</span> <span class='ocrx_word' id='word_1_111' title='bbox 1395 838 1419 882; x_wconf 92' lang='lat' dir='ltr'>i.</span> <span class='ocrx_word' id='word_1_112' title='bbox 1443 852 1478 882; x_wconf 90' lang='lat' dir='ltr'>e.</span> <span class='ocrx_word' id='word_1_113' title='bbox 1501 835 1710 896; x_wconf 79' lang='grc' dir='ltr'><em>ζωνάριον</em></span> 
     </span>
     <span class='ocr_line' id='line_1_13' title="bbox 199 903 1707 964; baseline -0.004 -13"><span class='ocrx_word' id='word_1_114' title='bbox 199 923 267 964; x_wconf 85' lang='lat' dir='ltr'>ap.</span> <span class='ocrx_word' id='word_1_115' title='bbox 312 909 417 953; x_wconf 88' lang='lat' dir='ltr'>Nov.</span> <span class='ocrx_word' id='word_1_116' title='bbox 463 922 565 952; x_wconf 89' lang='lat' dir='ltr'>com.</span> <span class='ocrx_word' id='word_1_117' title='bbox 597 909 670 963; x_wconf 89' lang='grc'>34,</span> <span class='ocrx_word' id='word_1_118' title='bbox 708 908 907 961; x_wconf 88' lang='lat' dir='ltr'>alterum,</span> <span class='ocrx_word' id='word_1_119' title='bbox 952 907 1065 962; x_wconf 91' lang='lat' dir='ltr'>quod</span> <span class='ocrx_word' id='word_1_120' title='bbox 1107 906 1238 949; x_wconf 91' lang='lat' dir='ltr'>Lucil.</span> <span class='ocrx_word' id='word_1_121' title='bbox 1283 906 1364 950; x_wconf 93' lang='grc'>667</span> <span class='ocrx_word' id='word_1_122' title='bbox 1405 905 1488 959; x_wconf 90' lang='grc'>(27,</span> <span class='ocrx_word' id='word_1_123' title='bbox 1525 903 1597 958; x_wconf 88' lang='grc'>54)</span> <span class='ocrx_word' id='word_1_124' title='bbox 1639 917 1707 959; x_wconf 90' lang='lat' dir='ltr'>ap.</span> 
     </span>
     <span class='ocr_line' id='line_1_14' title="bbox 204 970 1710 1030; baseline -0.005 -11"><span class='ocrx_word' id='word_1_125' title='bbox 204 975 315 1020; x_wconf 84' lang='lat' dir='ltr'>Gerl.</span> <span class='ocrx_word' id='word_1_126' title='bbox 338 975 544 1030; x_wconf 83' lang='lat' dir='ltr'>aliosque3</span> <span class='ocrx_word' id='word_1_127' title='bbox 578 975 662 1018; x_wconf 85' lang='lat' dir='ltr'>Cic.</span> <span class='ocrx_word' id='word_1_128' title='bbox 691 973 747 1017; x_wconf 89' lang='lat' dir='ltr'>ad</span> <span class='ocrx_word' id='word_1_129' title='bbox 769 974 909 1026; x_wconf 89' lang='lat' dir='ltr'>Quint.</span> <span class='ocrx_word' id='word_1_130' title='bbox 939 972 987 1017; x_wconf 86' lang='lat' dir='ltr'>fr.</span> <span class='ocrx_word' id='word_1_131' title='bbox 1012 975 1049 1028; x_wconf 92' lang='lat'>1,</span> <span class='ocrx_word' id='word_1_132' title='bbox 1072 974 1107 1027; x_wconf 88' lang='lat'>1,</span> <span class='ocrx_word' id='word_1_133' title='bbox 1139 974 1165 1016; x_wconf 83' lang='lat'>2</span> <span class='ocrx_word' id='word_1_134' title='bbox 1195 975 1221 1027; x_wconf 69' lang='grc' dir='ltr'>ξ</span> <span class='ocrx_word' id='word_1_135' title='bbox 1248 973 1292 1028; x_wconf 85' lang='grc'>9,</span> <span class='ocrx_word' id='word_1_136' title='bbox 1321 971 1415 1028; x_wconf 92' lang='lat' dir='ltr'>Ulp.</span> <span class='ocrx_word' id='word_1_137' title='bbox 1446 970 1533 1026; x_wconf 86' lang='lat' dir='ltr'>dig.</span> <span class='ocrx_word' id='word_1_138' title='bbox 1553 970 1622 1025; x_wconf 93' lang='grc'>47,</span> <span class='ocrx_word' id='word_1_139' title='bbox 1644 970 1710 1024; x_wconf 90' lang='grc'>18,</span> 
     </span>
     <span class='ocr_line' id='line_1_15' title="bbox 203 1038 1620 1097; baseline -0.004 -12"><span class='ocrx_word' id='word_1_140' title='bbox 203 1043 224 1085; x_wconf 97' lang='grc'>1</span> <span class='ocrx_word' id='word_1_141' title='bbox 257 1044 283 1096; x_wconf 66' lang='grc' dir='ltr'>ξ</span> <span class='ocrx_word' id='word_1_142' title='bbox 317 1042 337 1084; x_wconf 97' lang='grc'>1</span> <span class='ocrx_word' id='word_1_143' title='bbox 369 1044 692 1097; x_wconf 79' lang='lat' dir='ltr'>usurpaverunt:</span> <span class='ocrx_word' id='word_1_144' title='bbox 723 1039 983 1096; x_wconf 81' lang='lat' dir='ltr'>expilator</span> <span class='ocrx_word' id='word_1_145' title='bbox 1012 1039 1037 1084; x_wconf 92' lang='lat' dir='ltr'>i.</span> <span class='ocrx_word' id='word_1_146' title='bbox 1070 1054 1105 1083; x_wconf 90' lang='lat' dir='ltr'>e.</span> <span class='ocrx_word' id='word_1_147' title='bbox 1137 1038 1351 1096; x_wconf 88' lang='lat' dir='ltr'>spoliator,</span> <span class='ocrx_word' id='word_1_148' title='bbox 1381 1038 1620 1095; x_wconf 84' lang='lat' dir='ltr'>praedator.</span> 
     </span>
    </p>
   </div>
   <div class='ocr_carea' id='block_1_5' title="bbox 1735 0 1780 451">
    <p class='ocr_par' dir='ltr' id='par_1_5' title="bbox 1735 0 1780 451">
     <span class='ocr_line' id='line_1_16' title="bbox 1735 0 1780 451; baseline 0 2571"><span class='ocrx_word' id='word_1_149' title='bbox 1735 0 1780 451; x_wconf 95' lang='lat' dir='ltr'> </span> 
     </span>
    </p>
   </div>
   <div class='ocr_carea' id='block_1_6' title="bbox 119 1171 1764 1834">
    <p class='ocr_par' dir='ltr' id='par_1_6' title="bbox 121 1171 1764 1299">
     <span class='ocr_line' id='line_1_17' title="bbox 227 1171 1764 1230; baseline -0.003 -11"><span class='ocrx_word' id='word_1_150' title='bbox 227 1176 298 1219; x_wconf 93' lang='lat' dir='ltr'>VI.</span> <span class='ocrx_word' id='word_1_151' title='bbox 354 1177 494 1219; x_wconf 88' lang='lat' dir='ltr'>Pauca</span> <span class='ocrx_word' id='word_1_152' title='bbox 514 1175 619 1218; x_wconf 89' lang='lat' dir='ltr'>haec</span> <span class='ocrx_word' id='word_1_153' title='bbox 638 1175 842 1219; x_wconf 88' lang='lat' dir='ltr'>vocabula</span> <span class='ocrx_word' id='word_1_154' title='bbox 861 1188 1069 1230; x_wconf 83' lang='lat' dir='ltr'>nusquam</span> <span class='ocrx_word' id='word_1_155' title='bbox 1088 1174 1170 1216; x_wconf 91' lang='lat' dir='ltr'>nisi</span> <span class='ocrx_word' id='word_1_156' title='bbox 1200 1187 1267 1230; x_wconf 88' lang='lat' dir='ltr'>ap.</span> <span class='ocrx_word' id='word_1_157' title='bbox 1289 1171 1493 1216; x_wconf 79' lang='lat' dir='ltr'>Lucilium</span> <span class='ocrx_word' id='word_1_158' title='bbox 1522 1174 1564 1216; x_wconf 93' lang='lat' dir='ltr'>et</span> <span class='ocrx_word' id='word_1_159' title='bbox 1593 1171 1710 1215; x_wconf 87' lang='lat' dir='ltr'>aevi</span> <span class='ocrx_word' id='word_1_160' title='bbox 1762 1171 1764 1178; x_wconf 89' lang='grc'><strong>’</strong></span> 
     </span>
     <span class='ocr_line' id='line_1_18' title="bbox 121 1242 1188 1299; baseline -0.003 -13"><span class='ocrx_word' id='word_1_161' title='bbox 121 1243 369 1299; x_wconf 84' lang='lat' dir='ltr'>Augustei</span> <span class='ocrx_word' id='word_1_162' title='bbox 399 1243 623 1299; x_wconf 85' lang='lat' dir='ltr'>scriptores</span> <span class='ocrx_word' id='word_1_163' title='bbox 653 1242 879 1299; x_wconf 86' lang='lat' dir='ltr'>dispersim</span> <span class='ocrx_word' id='word_1_164' title='bbox 908 1242 1188 1298; x_wconf 86' lang='lat' dir='ltr'>reperiamus:</span> 
     </span>
    </p>

    <p class='ocr_par' dir='ltr' id='par_1_7' title="bbox 119 1306 1711 1433">
     <span class='ocr_line' id='line_1_19' title="bbox 229 1306 1711 1364; baseline -0.003 -13"><span class='ocrx_word' id='word_1_165' title='bbox 229 1314 361 1353; x_wconf 89' lang='lat' dir='ltr'>muto</span> <span class='ocrx_word' id='word_1_166' title='bbox 391 1310 474 1353; x_wconf 94' lang='grc'>970</span> <span class='ocrx_word' id='word_1_167' title='bbox 508 1310 591 1363; x_wconf 86' lang='grc'>(30,</span> <span class='ocrx_word' id='word_1_168' title='bbox 623 1310 701 1352; x_wconf 94' lang='grc'>127</span> <span class='ocrx_word' id='word_1_169' title='bbox 732 1313 774 1352; x_wconf 90' lang='lat' dir='ltr'>et</span> <span class='ocrx_word' id='word_1_170' title='bbox 802 1310 839 1362; x_wconf 87' lang='lat'>8,</span> <span class='ocrx_word' id='word_1_171' title='bbox 872 1310 932 1364; x_wconf 86' lang='lat'>7)3</span> <span class='ocrx_word' id='word_1_172' title='bbox 962 1309 1062 1352; x_wconf 91' lang='lat' dir='ltr'>Hor.</span> <span class='ocrx_word' id='word_1_173' title='bbox 1096 1312 1172 1351; x_wconf 89' lang='lat' dir='ltr'>sat.</span> <span class='ocrx_word' id='word_1_174' title='bbox 1205 1310 1241 1362; x_wconf 89' lang='lat'>1,</span> <span class='ocrx_word' id='word_1_175' title='bbox 1272 1308 1311 1362; x_wconf 89' lang='grc'>2,</span> <span class='ocrx_word' id='word_1_176' title='bbox 1341 1307 1408 1351; x_wconf 90' lang='grc'>68.</span> <span class='ocrx_word' id='word_1_177' title='bbox 1444 1306 1550 1354; x_wconf 65' lang='lat' dir='ltr'>,Ofn</span> <span class='ocrx_word' id='word_1_178' title='bbox 1582 1318 1711 1361; x_wconf 90' lang='lat' dir='ltr'>supra</span> 
     </span>
     <span class='ocr_line' id='line_1_20' title="bbox 119 1372 1709 1433; baseline -0.003 -14"><span class='ocrx_word' id='word_1_179' title='bbox 119 1391 157 1421; x_wconf 84' lang='lat' dir='ltr'>v.</span> <span class='ocrx_word' id='word_1_180' title='bbox 183 1377 402 1432; x_wconf 85' lang='lat' dir='ltr'>„Muscon“</span> <span class='ocrx_word' id='word_1_181' title='bbox 427 1391 467 1433; x_wconf 89' lang='lat' dir='ltr'>p.</span> <span class='ocrx_word' id='word_1_182' title='bbox 489 1377 515 1419; x_wconf 91' lang='grc'><strong>9</strong></span> <span class='ocrx_word' id='word_1_183' title='bbox 535 1380 577 1426; x_wconf 88' lang='lat' dir='ltr'>et</span> <span class='ocrx_word' id='word_1_184' title='bbox 597 1376 876 1432; x_wconf 83' lang='lat' dir='ltr'>„mutonium“</span> <span class='ocrx_word' id='word_1_185' title='bbox 900 1391 939 1432; x_wconf 88' lang='lat' dir='ltr'>p.</span> <span class='ocrx_word' id='word_1_186' title='bbox 960 1376 1014 1419; x_wconf 91' lang='grc'>29</span> <span class='ocrx_word' id='word_1_187' title='bbox 1030 1376 1114 1432; x_wconf 88' lang='lat' dir='ltr'>huj.</span> <span class='ocrx_word' id='word_1_188' title='bbox 1137 1375 1239 1418; x_wconf 91' lang='lat' dir='ltr'>diss.</span> <span class='ocrx_word' id='word_1_189' title='bbox 1278 1374 1386 1418; x_wconf 89' lang='lat' dir='ltr'>Vide</span> <span class='ocrx_word' id='word_1_190' title='bbox 1405 1374 1534 1417; x_wconf 82' lang='lat' dir='ltr'>L‘owe</span> <span class='ocrx_word' id='word_1_191' title='bbox 1554 1387 1593 1429; x_wconf 88' lang='lat' dir='ltr'>p.</span> <span class='ocrx_word' id='word_1_192' title='bbox 1615 1372 1709 1415; x_wconf 89' lang='grc'>302.</span> 
     </span>
    </p>

    <p class='ocr_par' dir='ltr' id='par_1_8' title="bbox 120 1440 1714 1834">
     <span class='ocr_line' id='line_1_21' title="bbox 229 1440 1711 1500; baseline -0.003 -14"><span class='ocrx_word' id='word_1_193' title='bbox 229 1444 559 1500; x_wconf 87' lang='lat' dir='ltr'>permingere</span> <span class='ocrx_word' id='word_1_194' title='bbox 590 1445 698 1488; x_wconf 90' lang='grc'>1176</span> <span class='ocrx_word' id='word_1_195' title='bbox 728 1445 785 1499; x_wconf 93' lang='grc'>(3,</span> <span class='ocrx_word' id='word_1_196' title='bbox 814 1444 906 1499; x_wconf 89' lang='grc'>55),</span> <span class='ocrx_word' id='word_1_197' title='bbox 938 1444 1038 1487; x_wconf 92' lang='lat' dir='ltr'>Hor.</span> <span class='ocrx_word' id='word_1_198' title='bbox 1071 1446 1149 1487; x_wconf 86' lang='lat' dir='ltr'>sat.</span> <span class='ocrx_word' id='word_1_199' title='bbox 1182 1443 1219 1496; x_wconf 89' lang='lat'>1,</span> <span class='ocrx_word' id='word_1_200' title='bbox 1249 1443 1287 1495; x_wconf 89' lang='grc'>2,</span> <span class='ocrx_word' id='word_1_201' title='bbox 1318 1442 1386 1484; x_wconf 87' lang='grc'>44.</span> <span class='ocrx_word' id='word_1_202' title='bbox 1421 1466 1477 1472; x_wconf 92' lang='grc'>-</span> <span class='ocrx_word' id='word_1_203' title='bbox 1516 1440 1711 1484; x_wconf 83' lang='lat' dir='ltr'>Ceterum</span> 
     </span>
     <span class='ocr_line' id='line_1_22' title="bbox 121 1506 1711 1565; baseline -0.003 -11"><span class='ocrx_word' id='word_1_204' title='bbox 121 1511 198 1554; x_wconf 88' lang='lat' dir='ltr'>hos</span> <span class='ocrx_word' id='word_1_205' title='bbox 229 1510 333 1554; x_wconf 88' lang='lat' dir='ltr'>duos</span> <span class='ocrx_word' id='word_1_206' title='bbox 365 1512 587 1554; x_wconf 86' lang='lat' dir='ltr'>satirarum</span> <span class='ocrx_word' id='word_1_207' title='bbox 617 1515 823 1565; x_wconf 84' lang='lat' dir='ltr'>auctores,</span> <span class='ocrx_word' id='word_1_208' title='bbox 847 1511 1100 1553; x_wconf 92' lang='lat' dir='ltr'>Lucilium</span> <span class='ocrx_word' id='word_1_209' title='bbox 1130 1514 1171 1552; x_wconf 93' lang='lat' dir='ltr'>et</span> <span class='ocrx_word' id='word_1_210' title='bbox 1199 1509 1478 1563; x_wconf 88' lang='lat' dir='ltr'>Horatium,</span> <span class='ocrx_word' id='word_1_211' title='bbox 1509 1506 1711 1550; x_wconf 86' lang='lat' dir='ltr'>similibus</span> 
     </span>
     <span class='ocr_line' id='line_1_23' title="bbox 121 1573 1712 1634; baseline -0.002 -15"><span class='ocrx_word' id='word_1_212' title='bbox 121 1591 328 1634; x_wconf 87' lang='lat' dir='ltr'>persaepe</span> <span class='ocrx_word' id='word_1_213' title='bbox 358 1578 578 1634; x_wconf 87' lang='lat' dir='ltr'>exemplis,</span> <span class='ocrx_word' id='word_1_214' title='bbox 618 1578 849 1632; x_wconf 85' lang='lat' dir='ltr'>sententiis,</span> <span class='ocrx_word' id='word_1_215' title='bbox 879 1578 1020 1621; x_wconf 91' lang='lat' dir='ltr'>verbis</span> <span class='ocrx_word' id='word_1_216' title='bbox 1049 1576 1287 1633; x_wconf 90' lang='lat' dir='ltr'>aequalium</span> <span class='ocrx_word' id='word_1_217' title='bbox 1316 1575 1549 1630; x_wconf 87' lang='lat' dir='ltr'>avaritiam,</span> <span class='ocrx_word' id='word_1_218' title='bbox 1578 1573 1712 1617; x_wconf 89' lang='lat' dir='ltr'>libidi-</span> 
     </span>
     <span class='ocr_line' id='line_1_24' title="bbox 121 1640 1713 1701; baseline -0.003 -15"><span class='ocrx_word' id='word_1_219' title='bbox 121 1658 229 1699; x_wconf 88' lang='lat' dir='ltr'>nem,</span> <span class='ocrx_word' id='word_1_220' title='bbox 259 1643 478 1700; x_wconf 85' lang='lat' dir='ltr'>luxuriam,</span> <span class='ocrx_word' id='word_1_221' title='bbox 514 1658 758 1701; x_wconf 84' lang='lat' dir='ltr'>perversam</span> <span class='ocrx_word' id='word_1_222' title='bbox 787 1643 1114 1701; x_wconf 87' lang='lat' dir='ltr'>philosophandi</span> <span class='ocrx_word' id='word_1_223' title='bbox 1151 1643 1332 1686; x_wconf 85' lang='lat' dir='ltr'>studium</span> <span class='ocrx_word' id='word_1_224' title='bbox 1362 1645 1536 1684; x_wconf 84' lang='lat' dir='ltr'>notasse</span> <span class='ocrx_word' id='word_1_225' title='bbox 1564 1640 1713 1683; x_wconf 85' lang='lat' dir='ltr'>iterum</span> 
     </span>
     <span class='ocr_line' id='line_1_25' title="bbox 120 1705 1714 1768; baseline -0.003 -14"><span class='ocrx_word' id='word_1_226' title='bbox 120 1712 348 1767; x_wconf 86' lang='lat' dir='ltr'>iterumque</span> <span class='ocrx_word' id='word_1_227' title='bbox 371 1711 462 1768; x_wconf 88' lang='lat' dir='ltr'>jam</span> <span class='ocrx_word' id='word_1_228' title='bbox 491 1711 647 1754; x_wconf 92' lang='lat' dir='ltr'>dudum</span> <span class='ocrx_word' id='word_1_229' title='bbox 676 1711 1008 1755; x_wconf 88' lang='lat' dir='ltr'>demonstratum</span> <span class='ocrx_word' id='word_1_230' title='bbox 1036 1714 1112 1754; x_wconf 90' lang='lat' dir='ltr'>est.</span> <span class='ocrx_word' id='word_1_231' title='bbox 1172 1710 1255 1754; x_wconf 79' lang='lat' dir='ltr'>cfr.</span> <span class='ocrx_word' id='word_1_232' title='bbox 1284 1708 1487 1766; x_wconf 89' lang='lat' dir='ltr'>imprimis</span> <span class='ocrx_word' id='word_1_233' title='bbox 1517 1705 1714 1762; x_wconf 85' lang='lat' dir='ltr'>Triemel,</span> 
     </span>
     <span class='ocr_line' id='line_1_26' title="bbox 123 1778 1141 1834; baseline -0.001 -13"><span class='ocrx_word' id='word_1_234' title='bbox 123 1791 262 1834; x_wconf 85' lang='lat' dir='ltr'>progr.</span> <span class='ocrx_word' id='word_1_235' title='bbox 292 1793 331 1834; x_wconf 92' lang='lat' dir='ltr'>p.</span> <span class='ocrx_word' id='word_1_236' title='bbox 365 1779 416 1821; x_wconf 91' lang='grc'>18</span> <span class='ocrx_word' id='word_1_237' title='bbox 446 1783 487 1821; x_wconf 89' lang='lat' dir='ltr'>et</span> <span class='ocrx_word' id='word_1_238' title='bbox 517 1778 757 1832; x_wconf 88' lang='lat' dir='ltr'>Zawadski,</span> <span class='ocrx_word' id='word_1_239' title='bbox 789 1778 892 1822; x_wconf 88' lang='lat' dir='ltr'>diss.</span> <span class='ocrx_word' id='word_1_240' title='bbox 922 1792 962 1834; x_wconf 91' lang='lat' dir='ltr'>p.</span> <span class='ocrx_word' id='word_1_241' title='bbox 994 1779 1020 1820; x_wconf 87' lang='lat'>9</span> <span class='ocrx_word' id='word_1_242' title='bbox 1050 1791 1141 1833; x_wconf 85' lang='lat' dir='ltr'>sqq.</span> 
     </span>
    </p>
   </div>
   <div class='ocr_carea' id='block_1_7' title="bbox 123 1901 1466 2089">
    <p class='ocr_par' dir='ltr' id='par_1_9' title="bbox 123 1901 1466 2089">
     <span class='ocr_line' id='line_1_27' title="bbox 126 1901 1016 1956; baseline 0 -13"><span class='ocrx_word' id='word_1_243' title='bbox 126 1904 330 1943; x_wconf 86' lang='lat' dir='ltr'>mataxa</span> <span class='ocrx_word' id='word_1_244' title='bbox 359 1902 466 1943; x_wconf 92' lang='grc'>1022</span> <span class='ocrx_word' id='word_1_245' title='bbox 496 1901 551 1955; x_wconf 89' lang='grc'>(3,</span> <span class='ocrx_word' id='word_1_246' title='bbox 581 1901 676 1956; x_wconf 92' lang='grc'>44),</span> <span class='ocrx_word' id='word_1_247' title='bbox 706 1901 807 1945; x_wconf 90' lang='lat' dir='ltr'>Vitr.</span> <span class='ocrx_word' id='word_1_248' title='bbox 840 1902 878 1955; x_wconf 94' lang='lat'>7,</span> <span class='ocrx_word' id='word_1_249' title='bbox 907 1902 945 1954; x_wconf 87' lang='lat'>3,</span> <span class='ocrx_word' id='word_1_250' title='bbox 977 1901 1016 1943; x_wconf 93' lang='grc'>2.</span> 
     </span>
     <span class='ocr_line' id='line_1_28' title="bbox 123 1965 1466 2024; baseline -0.002 -14"><span class='ocrx_word' id='word_1_251' title='bbox 123 1967 380 2011; x_wconf 84' lang='lat' dir='ltr'>verticula</span> <span class='ocrx_word' id='word_1_252' title='bbox 408 1969 501 2023; x_wconf 93' lang='lat' dir='ltr'>(pro</span> <span class='ocrx_word' id='word_1_253' title='bbox 530 1967 773 2024; x_wconf 88' lang='lat' dir='ltr'>verticulus)</span> <span class='ocrx_word' id='word_1_254' title='bbox 805 1968 885 2010; x_wconf 93' lang='grc'>122</span> <span class='ocrx_word' id='word_1_255' title='bbox 915 1969 970 2023; x_wconf 86' lang='grc'>(4,</span> <span class='ocrx_word' id='word_1_256' title='bbox 1000 1968 1092 2022; x_wconf 93' lang='grc'>30),</span> <span class='ocrx_word' id='word_1_257' title='bbox 1127 1967 1229 2010; x_wconf 86' lang='lat' dir='ltr'>Vitr.</span> <span class='ocrx_word' id='word_1_258' title='bbox 1261 1966 1325 2016; x_wconf 91' lang='lat'>10,</span> <span class='ocrx_word' id='word_1_259' title='bbox 1357 1965 1396 2020; x_wconf 89' lang='lat'>8,</span> <span class='ocrx_word' id='word_1_260' title='bbox 1429 1966 1466 2008; x_wconf 92' lang='lat'>1.</span> 
     </span>
     <span class='ocr_line' id='line_1_29' title="bbox 126 2031 1466 2089; baseline -0.003 -13"><span class='ocrx_word' id='word_1_261' title='bbox 126 2033 314 2077; x_wconf 88' lang='lat' dir='ltr'>simare</span> <span class='ocrx_word' id='word_1_262' title='bbox 342 2034 424 2076; x_wconf 88' lang='grc'>242</span> <span class='ocrx_word' id='word_1_263' title='bbox 455 2034 511 2089; x_wconf 90' lang='grc'>(7,</span> <span class='ocrx_word' id='word_1_264' title='bbox 543 2035 631 2089; x_wconf 90' lang='grc'>14),</span> <span class='ocrx_word' id='word_1_265' title='bbox 661 2034 765 2078; x_wconf 91' lang='lat' dir='ltr'>Vitr.</span> <span class='ocrx_word' id='word_1_266' title='bbox 794 2035 833 2086; x_wconf 89' lang='lat'>4,</span> <span class='ocrx_word' id='word_1_267' title='bbox 863 2034 904 2086; x_wconf 90' lang='grc'>2,</span> <span class='ocrx_word' id='word_1_268' title='bbox 925 2035 963 2076; x_wconf 86' lang='grc'>3.</span> <span class='ocrx_word' id='word_1_269' title='bbox 1023 2032 1107 2076; x_wconf 81' lang='lat' dir='ltr'>Cfr.</span> <span class='ocrx_word' id='word_1_270' title='bbox 1139 2033 1182 2076; x_wconf 90' lang='lat' dir='ltr'>S.</span> <span class='ocrx_word' id='word_1_271' title='bbox 1212 2031 1298 2074; x_wconf 91' lang='lat' dir='ltr'>ind.</span> <span class='ocrx_word' id='word_1_272' title='bbox 1330 2046 1370 2087; x_wconf 89' lang='lat' dir='ltr'>p.</span> <span class='ocrx_word' id='word_1_273' title='bbox 1402 2031 1466 2073; x_wconf 85' lang='lat'>74.</span> 
     </span>
    </p>
   </div>
   <div class='ocr_carea' id='block_1_8' title="bbox 207 2108 1718 2500">
    <p class='ocr_par' dir='ltr' id='par_1_10' title="bbox 207 2108 1718 2500">
     <span class='ocr_line' id='line_1_30' title="bbox 290 2108 1718 2167; baseline -0.004 -12"><span class='ocrx_word' id='word_1_274' title='bbox 290 2111 615 2156; x_wconf 84' lang='lat' dir='ltr'>additament.:</span> <span class='ocrx_word' id='word_1_275' title='bbox 652 2113 768 2155; x_wconf 90' lang='lat' dir='ltr'>Haec</span> <span class='ocrx_word' id='word_1_276' title='bbox 803 2112 906 2155; x_wconf 92' lang='lat' dir='ltr'>duo:</span> <span class='ocrx_word' id='word_1_277' title='bbox 942 2125 1122 2154; x_wconf 88' lang='lat' dir='ltr'>nasum</span> <span class='ocrx_word' id='word_1_278' title='bbox 1156 2124 1233 2167; x_wconf 90' lang='lat' dir='ltr'>pro</span> <span class='ocrx_word' id='word_1_279' title='bbox 1263 2123 1393 2152; x_wconf 90' lang='lat' dir='ltr'>nasus</span> <span class='ocrx_word' id='word_1_280' title='bbox 1427 2109 1512 2152; x_wconf 92' lang='grc'>244</span> <span class='ocrx_word' id='word_1_281' title='bbox 1546 2108 1603 2162; x_wconf 90' lang='grc'>(7,</span> <span class='ocrx_word' id='word_1_282' title='bbox 1635 2108 1718 2162; x_wconf 88' lang='grc'>16),</span> 
     </span>
     <span class='ocr_line' id='line_1_31' title="bbox 209 2174 1717 2234; baseline -0.003 -13"><span class='ocrx_word' id='word_1_283' title='bbox 209 2182 250 2221; x_wconf 92' lang='lat' dir='ltr'>et</span> <span class='ocrx_word' id='word_1_284' title='bbox 276 2179 356 2221; x_wconf 92' lang='grc'>522</span> <span class='ocrx_word' id='word_1_285' title='bbox 388 2179 470 2231; x_wconf 92' lang='grc'>(22,</span> <span class='ocrx_word' id='word_1_286' title='bbox 500 2179 562 2234; x_wconf 92' lang='grc'>7),</span> <span class='ocrx_word' id='word_1_287' title='bbox 592 2178 695 2221; x_wconf 87' lang='lat' dir='ltr'>Vitr.</span> <span class='ocrx_word' id='word_1_288' title='bbox 726 2179 766 2233; x_wconf 90' lang='grc'>3,</span> <span class='ocrx_word' id='word_1_289' title='bbox 807 2179 843 2233; x_wconf 93' lang='grc'>1,</span> <span class='ocrx_word' id='word_1_290' title='bbox 873 2179 911 2222; x_wconf 92' lang='grc'>2.</span> <span class='ocrx_word' id='word_1_291' title='bbox 972 2177 1054 2220; x_wconf 83' lang='lat' dir='ltr'>Cfr.</span> <span class='ocrx_word' id='word_1_292' title='bbox 1085 2177 1135 2220; x_wconf 88' lang='lat' dir='ltr'>N.</span> <span class='ocrx_word' id='word_1_293' title='bbox 1174 2176 1221 2229; x_wconf 86' lang='grc'>1.,</span> <span class='ocrx_word' id='word_1_294' title='bbox 1252 2176 1347 2230; x_wconf 89' lang='grc'>537,</span> <span class='ocrx_word' id='word_1_295' title='bbox 1376 2176 1443 2230; x_wconf 89' lang='grc' dir='ltr'>Κ.,</span> <span class='ocrx_word' id='word_1_296' title='bbox 1474 2175 1521 2230; x_wconf 88' lang='grc'>1.,</span> <span class='ocrx_word' id='word_1_297' title='bbox 1553 2174 1645 2228; x_wconf 91' lang='grc'>107,</span> <span class='ocrx_word' id='word_1_298' title='bbox 1676 2177 1717 2231; x_wconf 79' lang='grc' dir='ltr'>β,</span> 
     </span>
     <span class='ocr_line' id='line_1_32' title="bbox 207 2239 1714 2300; baseline -0.003 -13"><span class='ocrx_word' id='word_1_299' title='bbox 207 2245 256 2288; x_wconf 87' lang='lat' dir='ltr'>R.</span> <span class='ocrx_word' id='word_1_300' title='bbox 287 2259 327 2300; x_wconf 95' lang='lat' dir='ltr'>p.</span> <span class='ocrx_word' id='word_1_301' title='bbox 357 2245 458 2300; x_wconf 91' lang='grc'>272,</span> <span class='ocrx_word' id='word_1_302' title='bbox 490 2245 586 2287; x_wconf 93' lang='lat' dir='ltr'>Lor.</span> <span class='ocrx_word' id='word_1_303' title='bbox 618 2244 673 2287; x_wconf 85' lang='lat' dir='ltr'>ad</span> <span class='ocrx_word' id='word_1_304' title='bbox 701 2244 836 2287; x_wconf 88' lang='lat' dir='ltr'>Plaut.</span> <span class='ocrx_word' id='word_1_305' title='bbox 867 2244 950 2288; x_wconf 90' lang='lat' dir='ltr'>mil.</span> <span class='ocrx_word' id='word_1_306' title='bbox 976 2244 1102 2298; x_wconf 91' lang='grc'>1245,</span> <span class='ocrx_word' id='word_1_307' title='bbox 1132 2268 1187 2274; x_wconf 85' lang='grc'>-</span> <span class='ocrx_word' id='word_1_308' title='bbox 1217 2246 1259 2286; x_wconf 91' lang='lat' dir='ltr'>et</span> <span class='ocrx_word' id='word_1_309' title='bbox 1285 2242 1491 2299; x_wconf 88' lang='lat' dir='ltr'>palpari</span> <span class='ocrx_word' id='word_1_310' title='bbox 1518 2254 1597 2297; x_wconf 89' lang='lat' dir='ltr'>pro</span> <span class='ocrx_word' id='word_1_311' title='bbox 1625 2239 1714 2297; x_wconf 86' lang='lat' dir='ltr'>pal-</span> 
     </span>
     <span class='ocr_line' id='line_1_33' title="bbox 210 2308 1718 2367; baseline -0.003 -14"><span class='ocrx_word' id='word_1_312' title='bbox 210 2324 312 2367; x_wconf 89' lang='lat' dir='ltr'>pare</span> <span class='ocrx_word' id='word_1_313' title='bbox 341 2311 421 2353; x_wconf 88' lang='lat'>799</span> <span class='ocrx_word' id='word_1_314' title='bbox 451 2311 535 2366; x_wconf 91' lang='grc'>(29,</span> <span class='ocrx_word' id='word_1_315' title='bbox 565 2311 658 2367; x_wconf 90' lang='grc'>96),</span> <span class='ocrx_word' id='word_1_316' title='bbox 694 2312 793 2355; x_wconf 92' lang='lat' dir='ltr'>Hor.</span> <span class='ocrx_word' id='word_1_317' title='bbox 826 2324 948 2354; x_wconf 89' lang='lat' dir='ltr'>serm.</span> <span class='ocrx_word' id='word_1_318' title='bbox 979 2312 1019 2365; x_wconf 91' lang='grc'>2,</span> <span class='ocrx_word' id='word_1_319' title='bbox 1051 2310 1089 2364; x_wconf 93' lang='grc'>1,</span> <span class='ocrx_word' id='word_1_320' title='bbox 1118 2310 1184 2353; x_wconf 94' lang='grc'>20.</span> <span class='ocrx_word' id='word_1_321' title='bbox 1252 2308 1334 2354; x_wconf 82' lang='lat' dir='ltr'>Gfr.</span> <span class='ocrx_word' id='word_1_322' title='bbox 1365 2309 1431 2364; x_wconf 68' lang='lat' dir='ltr'>N„</span> <span class='ocrx_word' id='word_1_323' title='bbox 1464 2308 1535 2363; x_wconf 94' lang='lat' dir='ltr'>II.,</span> <span class='ocrx_word' id='word_1_324' title='bbox 1564 2308 1648 2350; x_wconf 87' lang='lat'>310</span> <span class='ocrx_word' id='word_1_325' title='bbox 1675 2310 1718 2350; x_wconf 92' lang='lat' dir='ltr'>et</span> 
     </span>
     <span class='ocr_line' id='line_1_34' title="bbox 208 2373 1716 2433; baseline -0.003 -13"><span class='ocrx_word' id='word_1_326' title='bbox 208 2378 275 2430; x_wconf 85' lang='grc' dir='ltr'>Κ.,</span> <span class='ocrx_word' id='word_1_327' title='bbox 297 2378 343 2431; x_wconf 93' lang='lat' dir='ltr'>I.‚</span> <span class='ocrx_word' id='word_1_328' title='bbox 374 2378 467 2420; x_wconf 89' lang='grc'>609.</span> <span class='ocrx_word' id='word_1_329' title='bbox 496 2402 552 2408; x_wconf 92' lang='lat'>-—</span> <span class='ocrx_word' id='word_1_330' title='bbox 583 2377 712 2420; x_wconf 89' lang='lat' dir='ltr'>semel</span> <span class='ocrx_word' id='word_1_331' title='bbox 731 2377 909 2433; x_wconf 88' lang='lat' dir='ltr'>Augusti</span> <span class='ocrx_word' id='word_1_332' title='bbox 929 2380 1080 2431; x_wconf 88' lang='lat' dir='ltr'>aetate,</span> <span class='ocrx_word' id='word_1_333' title='bbox 1110 2389 1323 2431; x_wconf 88' lang='lat' dir='ltr'>nunquam</span> <span class='ocrx_word' id='word_1_334' title='bbox 1351 2378 1515 2431; x_wconf 89' lang='lat' dir='ltr'>postea,</span> <span class='ocrx_word' id='word_1_335' title='bbox 1547 2373 1716 2430; x_wconf 82' lang='lat' dir='ltr'>saepius</span> 
     </span>
     <span class='ocr_line' id='line_1_35' title="bbox 210 2444 947 2500; baseline 0.001 -14"><span class='ocrx_word' id='word_1_336' title='bbox 210 2444 358 2499; x_wconf 89' lang='lat' dir='ltr'>priscis</span> <span class='ocrx_word' id='word_1_337' title='bbox 387 2444 642 2500; x_wconf 90' lang='lat' dir='ltr'>temporibus</span> <span class='ocrx_word' id='word_1_338' title='bbox 672 2444 947 2487; x_wconf 88' lang='lat' dir='ltr'>inveniuntur.</span> 
     </span>
    </p>
   </div>
   <div class='ocr_carea' id='block_1_9' title="bbox 130 2563 1726 3020">
    <p class='ocr_par' dir='ltr' id='par_1_11' title="bbox 130 2563 1780 3020">
     <span class='ocr_line' id='line_1_36' title="bbox 240 2563 1720 2622; baseline -0.001 -15"><span class='ocrx_word' id='word_1_339' title='bbox 240 2567 331 2609; x_wconf 91' lang='lat' dir='ltr'>VII.</span> <span class='ocrx_word' id='word_1_340' title='bbox 390 2567 492 2609; x_wconf 90' lang='lat' dir='ltr'>Post</span> <span class='ocrx_word' id='word_1_341' title='bbox 520 2566 684 2622; x_wconf 87' lang='lat' dir='ltr'>longius</span> <span class='ocrx_word' id='word_1_342' title='bbox 716 2566 881 2608; x_wconf 90' lang='lat' dir='ltr'>demum</span> <span class='ocrx_word' id='word_1_343' title='bbox 910 2565 1110 2622; x_wconf 87' lang='lat' dir='ltr'>temporis</span> <span class='ocrx_word' id='word_1_344' title='bbox 1139 2564 1404 2608; x_wconf 88' lang='lat' dir='ltr'>intervallum</span> <span class='ocrx_word' id='word_1_345' title='bbox 1442 2565 1549 2607; x_wconf 88' lang='lat' dir='ltr'>haec</span> <span class='ocrx_word' id='word_1_346' title='bbox 1577 2563 1720 2618; x_wconf 86' lang='lat' dir='ltr'>verba,</span> 
     </span>
     <span class='ocr_line' id='line_1_37' title="bbox 130 2629 1723 2688; baseline -0.001 -14"><span class='ocrx_word' id='word_1_347' title='bbox 130 2632 277 2688; x_wconf 85' lang='lat' dir='ltr'>quibus</span> <span class='ocrx_word' id='word_1_348' title='bbox 299 2633 479 2676; x_wconf 86' lang='lat' dir='ltr'>Lucilius</span> <span class='ocrx_word' id='word_1_349' title='bbox 511 2634 623 2676; x_wconf 88' lang='lat' dir='ltr'>solus</span> <span class='ocrx_word' id='word_1_350' title='bbox 646 2647 742 2677; x_wconf 88' lang='lat' dir='ltr'>usus</span> <span class='ocrx_word' id='word_1_351' title='bbox 774 2637 875 2687; x_wconf 91' lang='lat' dir='ltr'>erat,</span> <span class='ocrx_word' id='word_1_352' title='bbox 906 2634 958 2676; x_wconf 85' lang='lat' dir='ltr'>ab</span> <span class='ocrx_word' id='word_1_353' title='bbox 988 2633 1244 2687; x_wconf 89' lang='lat' dir='ltr'>argentei,</span> <span class='ocrx_word' id='word_1_354' title='bbox 1277 2631 1387 2686; x_wconf 91' lang='lat' dir='ltr'>quod</span> <span class='ocrx_word' id='word_1_355' title='bbox 1417 2631 1576 2684; x_wconf 90' lang='lat' dir='ltr'>dicitur,</span> <span class='ocrx_word' id='word_1_356' title='bbox 1608 2629 1723 2673; x_wconf 86' lang='lat' dir='ltr'>aevi</span> 
     </span>
     <span class='ocr_line' id='line_1_38' title="bbox 132 2695 1721 2755; baseline -0.001 -14"><span class='ocrx_word' id='word_1_357' title='bbox 132 2700 478 2755; x_wconf 87' lang='lat' dir='ltr'>scriptoribus</span> <span class='ocrx_word' id='word_1_358' title='bbox 517 2699 646 2742; x_wconf 90' lang='lat' dir='ltr'>semel</span> <span class='ocrx_word' id='word_1_359' title='bbox 682 2699 800 2741; x_wconf 87' lang='lat' dir='ltr'>bisve</span> <span class='ocrx_word' id='word_1_360' title='bbox 832 2700 951 2754; x_wconf 85' lang='lat' dir='ltr'>quasi</span> <span class='ocrx_word' id='word_1_361' title='bbox 986 2699 1028 2740; x_wconf 86' lang='lat' dir='ltr'>in</span> <span class='ocrx_word' id='word_1_362' title='bbox 1058 2699 1193 2741; x_wconf 88' lang='lat' dir='ltr'>lucem</span> <span class='ocrx_word' id='word_1_363' title='bbox 1223 2698 1473 2741; x_wconf 84' lang='lat' dir='ltr'>resuscitata</span> <span class='ocrx_word' id='word_1_364' title='bbox 1503 2700 1599 2739; x_wconf 90' lang='lat' dir='ltr'>sunt</span> <span class='ocrx_word' id='word_1_365' title='bbox 1632 2695 1721 2749; x_wconf 88' lang='lat' dir='ltr'>(cfr.</span> 
     </span>
     <span class='ocr_line' id='line_1_39' title="bbox 133 2762 1721 2820; baseline -0.002 -13"><span class='ocrx_word' id='word_1_366' title='bbox 133 2765 269 2816; x_wconf 80' lang='lat' dir='ltr'>Quint.</span> <span class='ocrx_word' id='word_1_367' title='bbox 293 2766 386 2806; x_wconf 90' lang='lat' dir='ltr'>inst.</span> <span class='ocrx_word' id='word_1_368' title='bbox 409 2770 510 2809; x_wconf 86' lang='lat' dir='ltr'>orat.</span> <span class='ocrx_word' id='word_1_369' title='bbox 541 2767 587 2820; x_wconf 87' lang='grc'>1.,</span> <span class='ocrx_word' id='word_1_370' title='bbox 618 2767 654 2814; x_wconf 79' lang='grc'>6,</span> <span class='ocrx_word' id='word_1_371' title='bbox 681 2767 723 2820; x_wconf 91' lang='grc'>1,</span> <span class='ocrx_word' id='word_1_372' title='bbox 755 2766 799 2816; x_wconf 85' lang='grc'>1.,</span> <span class='ocrx_word' id='word_1_373' title='bbox 832 2767 870 2819; x_wconf 94' lang='grc'>6,</span> <span class='ocrx_word' id='word_1_374' title='bbox 901 2766 976 2820; x_wconf 91' lang='grc'>20,</span> <span class='ocrx_word' id='word_1_375' title='bbox 1007 2766 1052 2818; x_wconf 88' lang='grc'>1.,</span> <span class='ocrx_word' id='word_1_376' title='bbox 1075 2767 1114 2819; x_wconf 93' lang='grc'>6,</span> <span class='ocrx_word' id='word_1_377' title='bbox 1136 2766 1189 2807; x_wconf 88' lang='grc'>39</span> <span class='ocrx_word' id='word_1_378' title='bbox 1210 2770 1250 2808; x_wconf 86' lang='lat' dir='ltr'>et</span> <span class='ocrx_word' id='word_1_379' title='bbox 1270 2764 1324 2808; x_wconf 92' lang='lat' dir='ltr'>M.</span> <span class='ocrx_word' id='word_1_380' title='bbox 1356 2763 1394 2807; x_wconf 91' lang='lat' dir='ltr'>d.</span> <span class='ocrx_word' id='word_1_381' title='bbox 1417 2777 1450 2806; x_wconf 89' lang='lat' dir='ltr'>r.</span> <span class='ocrx_word' id='word_1_382' title='bbox 1472 2779 1526 2805; x_wconf 87' lang='lat' dir='ltr'>m.</span> <span class='ocrx_word' id='word_1_383' title='bbox 1549 2777 1589 2818; x_wconf 87' lang='lat' dir='ltr'>p.</span> <span class='ocrx_word' id='word_1_384' title='bbox 1610 2762 1721 2815; x_wconf 84' lang='lat'>375).</span> 
     </span>
     <span class='ocr_line' id='line_1_40' title="bbox 134 2827 1724 2885; baseline -0.001 -13"><span class='ocrx_word' id='word_1_385' title='bbox 134 2845 285 2874; x_wconf 88' lang='lat' dir='ltr'>varro</span> <span class='ocrx_word' id='word_1_386' title='bbox 318 2832 423 2872; x_wconf 91' lang='grc'>1114</span> <span class='ocrx_word' id='word_1_387' title='bbox 452 2832 548 2885; x_wconf 91' lang='lat' dir='ltr'>(inc.</span> <span class='ocrx_word' id='word_1_388' title='bbox 581 2833 697 2885; x_wconf 87' lang='grc'>108),</span> <span class='ocrx_word' id='word_1_389' title='bbox 728 2833 845 2875; x_wconf 82' lang='lat' dir='ltr'>Pers,</span> <span class='ocrx_word' id='word_1_390' title='bbox 870 2836 946 2875; x_wconf 86' lang='lat' dir='ltr'>sat.</span> <span class='ocrx_word' id='word_1_391' title='bbox 977 2833 1014 2882; x_wconf 90' lang='grc'>5,</span> <span class='ocrx_word' id='word_1_392' title='bbox 1049 2832 1139 2874; x_wconf 91' lang='lat'>138.</span> <span class='ocrx_word' id='word_1_393' title='bbox 1200 2831 1300 2884; x_wconf 82' lang='lat' dir='ltr'>(Cfr.</span> <span class='ocrx_word' id='word_1_394' title='bbox 1332 2830 1473 2874; x_wconf 84' lang='lat' dir='ltr'>Jahnii</span> <span class='ocrx_word' id='word_1_395' title='bbox 1502 2833 1587 2872; x_wconf 89' lang='lat' dir='ltr'>not.</span> <span class='ocrx_word' id='word_1_396' title='bbox 1617 2827 1724 2883; x_wconf 88' lang='lat' dir='ltr'>crit.)</span> 
     </span>
     <span class='ocr_line' id='line_1_41' title="bbox 136 2897 1163 2953; baseline 0.001 -15"><span class='ocrx_word' id='word_1_397' title='bbox 136 2897 502 2953; x_wconf 84' lang='lat' dir='ltr'>Syrophoenix</span> <span class='ocrx_word' id='word_1_398' title='bbox 530 2898 612 2939; x_wconf 91' lang='grc'>435</span> <span class='ocrx_word' id='word_1_399' title='bbox 642 2898 724 2952; x_wconf 90' lang='grc'>(15,</span> <span class='ocrx_word' id='word_1_400' title='bbox 754 2899 845 2952; x_wconf 90' lang='grc'>24),</span> <span class='ocrx_word' id='word_1_401' title='bbox 876 2898 969 2941; x_wconf 84' lang='grc' dir='ltr'>.]11ν.</span> <span class='ocrx_word' id='word_1_402' title='bbox 1001 2899 1038 2950; x_wconf 90' lang='lat'>8,</span> <span class='ocrx_word' id='word_1_403' title='bbox 1072 2898 1163 2940; x_wconf 90' lang='grc'>159.</span> 
     </span>
     <span class='ocr_line' id='line_1_42' title="bbox 133 2962 1726 3020; baseline -0.001 -15"><span class='ocrx_word' id='word_1_404' title='bbox 133 2964 357 3006; x_wconf 88' lang='lat' dir='ltr'>mantisa</span> <span class='ocrx_word' id='word_1_405' title='bbox 390 2964 491 3005; x_wconf 87' lang='grc'>1121</span> <span class='ocrx_word' id='word_1_406' title='bbox 524 2964 617 3014; x_wconf 85' lang='lat' dir='ltr'>(inc.</span> <span class='ocrx_word' id='word_1_407' title='bbox 639 2965 728 3019; x_wconf 86' lang='grc'>95),</span> <span class='ocrx_word' id='word_1_408' title='bbox 758 2965 924 3007; x_wconf 88' lang='lat' dir='ltr'>Petron.</span> <span class='ocrx_word' id='word_1_409' title='bbox 947 2966 1013 3020; x_wconf 88' lang='grc'>65,</span> <span class='ocrx_word' id='word_1_410' title='bbox 1046 2966 1110 3007; x_wconf 91' lang='grc'>10.</span> <span class='ocrx_word' id='word_1_411' title='bbox 1169 2964 1253 3007; x_wconf 79' lang='lat' dir='ltr'>cfr.</span> <span class='ocrx_word' id='word_1_412' title='bbox 1277 2964 1326 3007; x_wconf 80' lang='lat' dir='ltr'>G.</span> <span class='ocrx_word' id='word_1_413' title='bbox 1357 2962 1461 3020; x_wconf 89' lang='lat' dir='ltr'>prol.</span> <span class='ocrx_word' id='word_1_414' title='bbox 1484 2962 1726 3008; x_wconf 82' lang='lat' dir='ltr'>CXXXIII.</span> 
     </span>
    </p>
   </div>
  </div>
 </body>
</html>
