1910 3034
1057 61 1113 106 58

292 190 492 252 Lowe‘p.
523 197 607 239 330
634 196 761 239 etiam
790 196 930 239 versui
958 195 1042 238 215
1070 196 1127 250 (6,
1156 196 1248 250 28):
1286 196 1430 250 „ciner
1458 194 1606 239 ardu'“
1633 194 1788 250 tribuit,
1817 194 1888 239 ubi

293 263 440 306 eodem
476 263 545 305 vel
579 263 739 319 majore
769 261 865 318 jure
894 262 970 304 M.:
1000 261 1126 316 „cini’
1156 261 1298 304 raru’“
1328 275 1403 317 pro
1434 261 1623 304 codicum
1651 261 1759 306 Non.
1791 262 1886 316 189,

291 329 345 371 33
373 329 551 372 lectione
581 329 838 382 „cineraris“
868 328 1117 384 conjecerat.
1177 327 1260 372 Gfr.
1291 327 1402 370 infra
1429 341 1522 371 voc.
1551 327 1812 383 „cinerare.“

491 419 633 462 annot.
666 418 711 461 l.:
770 417 990 471 Dziatzko,
1028 416 1132 461 Mus.
1164 417 1299 461 Rhen.
1330 417 1384 459 33
1412 430 1452 472 p.
1484 415 1540 458 94
1560 415 1705 471 (1878)
1740 416 1886 460 nescio

401 497 455 525 an
479 483 576 538 jure
605 483 787 525 ascribat
805 482 965 525 Lucilio
995 496 1034 526 v.
1066 483 1148 525 645
1177 483 1262 537 (27,
1291 483 1363 536 26)
1383 482 1560 524 formam
1583 481 1758 536 genitivi
1778 482 1884 538 sing.

399 548 514 591 fem.:
551 549 765 603 „alterae“
803 562 878 604 pro
912 549 1099 602 alterius,
1135 548 1252 605 cujus
1289 548 1474 591 nondum
1502 561 1681 603 usquam
1715 547 1889 592 inventa

401 618 496 657 sunt
530 615 723 670 vestigia,
759 629 1009 670 quamquam
1047 614 1175 657 dativ.
1218 614 1334 659 fem.:
1379 614 1595 667 „alteraefl
1637 627 1705 670 ap.
1748 614 1886 658 Plaut.

401 680 490 724 rud.
537 682 638 736 7503
683 682 779 726 Ter.
811 683 961 725 Heaut.
991 682 1086 736 271,
1123 681 1291 724 Phorm.
1335 682 1436 736 9283
1481 680 1602 724 Caes.
1646 680 1743 724 bell.
1775 680 1886 726 Gall.

398 748 438 801 5,
468 747 534 801 27,
563 747 610 802 53
641 749 747 803 Nep.
768 748 887 790 Eum.
920 749 955 798 1,
987 749 1032 802 63
1067 747 1156 790 (301.
1185 747 1224 800 5,
1259 748 1322 801 11,
1356 747 1408 789 10
1434 746 1556 790 nobis
1586 750 1778 790 servatus
1809 751 1886 790 est.

397 813 477 855 Hic
506 818 571 856 est
598 827 746 857 versus
768 814 935 856 Lucilii:
967 817 1039 868 „at
1067 814 1217 856 metuis
1247 827 1372 869 porro
1403 827 1457 856 ne
1485 817 1661 869 aspectu
1690 817 1734 856 et
1751 813 1888 857 forma

398 881 567 935 capiare
595 880 769 934 altera“,
800 880 868 922 ubi
897 881 964 934 D.,
996 880 1102 922 sicut
1125 879 1217 936 jam
1247 880 1294 922 L.
1325 893 1364 923 v.
1398 880 1505 922 1047
1535 879 1620 935 (29,
1653 879 1750 934 105)
1788 893 1885 934 „co-

397 946 567 1001 pioses“
611 960 664 989 ex
707 946 958 1002 „scopiose“
1001 948 1043 988 et
1084 959 1123 987 v.
1170 946 1250 988 703
1295 946 1379 1000 (28,
1416 945 1488 1001 36)
1531 945 1596 1000 „is
1634 946 1788 988 exeat“
1831 959 1886 988 ex

397 1012 630 1067 „exeatis“,
669 1012 821 1055 similia
858 1016 1112 1067 correxerat,
1151 1012 1390 1068 persuadet,
1424 1015 1469 1054 ut
1497 1011 1670 1068 „capiar
1697 1011 1886 1055 alterae“

399 1092 475 1134 pro
511 1079 707 1134 „capiare
743 1079 905 1122 altera“
944 1079 1147 1122 scribatur
1181 1078 1247 1121 his
1284 1092 1338 1121 ex
1369 1078 1528 1122 causis:
1573 1079 1658 1133 „Es
1686 1078 1888 1122 missfallt

394 1159 469 1188 vor
497 1145 635 1188 Allem
664 1145 739 1188 der
769 1145 886 1200 Sinn,
917 1145 1019 1188 dass
1050 1145 1118 1188 ein
1139 1145 1378 1188 Liebcnder
1409 1144 1540 1188 selbst
1567 1145 1759 1188 fiirchten
1789 1145 1889 1198 soll,

396 1226 478 1254 von
508 1212 583 1255 der
612 1212 823 1267 geliebten
851 1213 1011 1255 Person
1041 1211 1173 1254 durch
1203 1211 1272 1254 die
1293 1211 1523 1254 Schcnheit
1552 1212 1668 1254 einer
1697 1210 1887 1254 anderen

394 1279 555 1321 Person
590 1279 833 1334 abgezogen
875 1292 926 1320 zu
961 1277 1143 1322 werden.
1202 1277 1494 1333 Ungeschickt
1535 1277 1591 1319 ist
1634 1276 1774 1320 ferner
1817 1277 1886 1320 die

394 1344 519 1387 Wahl
556 1344 632 1387 des
668 1345 765 1400 Adj.
802 1344 1005 1399 „altera“,
1043 1344 1121 1387 das
1158 1357 1237 1386 nur
1271 1344 1347 1386 mit
1380 1343 1586 1399 „forma“,
1623 1342 1738 1386 nicht
1778 1342 1886 1387 auch

350 1410 354 1414 ’
396 1410 470 1453 mit
500 1413 727 1466 „aspectu“
759 1411 849 1454 sich
879 1410 1114 1454 verbinden
1142 1410 1288 1454 lasst“.

482 1499 627 1544 annot.
657 1499 720 1544 2.:
760 1499 809 1542 V.
838 1499 922 1541 492
952 1499 1036 1554 (19,
1067 1498 1110 1552 5)
1147 1501 1222 1552 „ut
1249 1498 1369 1554 pueri
1398 1497 1581 1540 infantes
1611 1496 1770 1540 faciunt
1797 1511 1885 1540 mu-

393 1564 609 1608 lierculam
647 1565 894 1608 honestam“
931 1566 1015 1619 (L.)
1046 1565 1145 1607 Luc.
1175 1564 1290 1606 Mun.
1320 1577 1396 1620 pro
1431 1564 1616 1607 omnium
1645 1563 1767 1606 codd.
1802 1565 1885 1608 No-

394 1631 614 1674 nianorum
644 1646 684 1687 p.
714 1632 781 1687 55,
811 1632 865 1674 33
894 1631 1076 1674 lectione
1096 1631 1392 1686 „honestam“,
1413 1630 1750 1686 antiquissimam
1769 1630 1887 1674 illam

393 1711 420 1739 a
430 1697 567 1740 Gellio
583 1698 622 1753 2,
638 1699 678 1752 3,
694 1698 720 1740 3
737 1698 959 1741 occasione
976 1697 1116 1740 oblata
1130 1701 1405 1740 memoratam
1421 1696 1885 1751 formam„honustam“

396 1764 485 1816 (cfr.
514 1764 711 1818 Corssen,
738 1764 914 1819 Ausspr.
945 1778 987 1820 p.
1016 1765 1088 1817 41)
1119 1777 1195 1819 pro
1225 1764 1475 1818 „onustam“
1507 1763 1599 1806 sine
1626 1762 1715 1806 ulla
1742 1777 1885 1818 causa,

395 1832 440 1871 ut
476 1829 670 1884 equidem
706 1830 868 1886 opinor,
905 1831 949 1872 in
984 1833 1224 1873 contextum
1260 1830 1432 1886 recepit.
1492 1829 1731 1873 Dummodo
1774 1830 1885 1873 enim

394 1895 686 1949 „honestam“,
715 1899 760 1938 ut
789 1895 1040 1951 saepissime
1069 1909 1136 1950 ap.
1168 1896 1281 1950 Ten,
1309 1896 1438 1951 Virg.,
1469 1896 1589 1952 Nep„
1619 1897 1752 1950 Varr.,
1782 1897 1884 1940 Hor.

397 1964 474 2003 sat.
507 1962 554 2016 Ι.,
598 1962 637 2015 2,
680 1962 736 2004 84
777 1961 889 2004 idem
934 1962 1173 2016 significare
1209 1965 1400 2017 putemus
1437 1975 1488 2004 ac
1530 1961 1806 2018 ‚‚pulchram“
1848 1977 1883 2005 s.

396 2026 692 2080 „formosam“,
708 2026 763 2068 ad
783 2026 894 2068 hunc
914 2026 1037 2068 facile
1058 2026 1185 2069 totius
1206 2041 1354 2070 versus
1377 2041 1546 2070 sensum
1566 2028 1883 2083 perveniamus:

395 2098 466 2146 „ut
495 2093 614 2147 pueri
643 2092 823 2135 infantes
853 2092 1078 2134 aestimant
1107 2092 1212 2145 (scil.
1247 2092 1443 2147 „magur‘
1473 2092 1542 2135 vel
1571 2093 1775 2149 „pluris“)
1796 2094 1823 2136 i.
1845 2107 1883 2136 e.

395 2158 530 2200 solent
565 2172 708 2201 amare
741 2157 1026 2201 mulierculam
1062 2158 1303 2212 formosam,
1341 2158 1436 2213 (sed
1470 2162 1633 2215 turpem
1670 2173 1724 2201 m.
1767 2172 1882 2202 recu-

396 2225 523 2277 sare),
554 2224 614 2266 sic
635 2257 852 2268 ......
859 2226 882 2246 “

816 2423 997 2466 Tantum
1035 2423 1088 2466 de
1116 2423 1349 2479 adjectivis,
