1910 3034
19 227 92 273 3⁴
108 226 248 285 utem
267 241 310 282 et
326 234 567 282 faci-litatem
585 237 728 294 fuisse,
747 239 821 294 ait,
840 240 884 282 in
903 240 1044 283 verbis
1066 238 1366 296 componendis
1387 238 1706 294 fingendisque“

42 302 109 364 2⁵34ss
116 294 164 349 et
197 308 295 361 post
329 304 540 349 Jordanus
553 308 579 359 )
615 305 795 349 Ennium
826 305 1111 362 Luciliumque
1147 305 1243 362 „die
1278 318 1456 361 grossen
1489 305 1709 348 Vorbilder

118 371 273 415 zweier
290 371 645 427 Dichtungsarten
675 371 760 415 und
790 372 965 415 deshalb
995 372 1063 415 die
1083 371 1375 416 Uebermittler
1403 371 1488 414 und
1516 371 1710 415 Erhalter

23 446 43 482 “,
118 436 252 482 violer
277 438 444 482 Worter
479 438 555 482 des
587 439 746 482 alter-en
780 439 865 482 und
895 439 1074 483 ’altesten
1104 439 1301 482 Lateins“
1332 438 1530 495 appellat,
1568 442 1611 481 et
1640 438 1711 494 qui

39 510 41 514 ’
119 503 318 548 iudicium
359 503 494 559 fecit2)
532 505 586 548 de
621 505 785 548 Miilleri
823 506 1004 549 editione
1041 506 1253 549 constituit
1297 519 1370 549 suo
1401 505 1516 562 jure:
1563 505 1710 561 „Auch

120 570 232 626 zeigt
259 583 305 614 er
325 570 542 625 (Lucilius)
573 571 695 614 darin
723 572 925 615 manchcs
945 570 1318 628 Eigenthiimliche‚
1351 571 1452 615 dass
1483 586 1528 615 er
1551 571 1712 615 seltene

121 635 290 680 Worter'
314 635 401 680 und
429 637 610 680 Formen
637 638 906 693 gebraucht.“

230 703 282 746 In
298 703 405 747 haec
424 704 627 747 vocabula
646 704 862 747 Luciliana
883 708 929 747 ut
947 704 1178 747 accuratius
1198 704 1289 760 jam
1308 704 1528 760 inquiram,
1549 703 1711 748 duabus

119 770 308 828 partibus
331 771 536 814 disseram
565 771 619 815 de
638 772 854 828 proposita
874 785 930 815 re.
991 771 1176 822 Quarum
1195 770 1330 814 altera
1350 772 1428 814 erit
1457 771 1510 813 de
1539 771 1710 814 vocibus

121 837 399 894 singularibus
409 871 420 892 ‚
457 837 590 880 altera
626 839 679 881 de
715 838 785 892 iis,
825 852 932 893 quae
968 838 1209 881 rarissimae
1246 838 1371 881 ctiam
1406 842 1503 880 ante
1540 843 1582 881 et
1616 841 1714 895 post

119 903 321 948 Lucilium
369 904 646 947 inveniuntur.
722 906 788 948 De
836 905 982 960 quibus
1027 904 1217 947 omnibus
1267 904 1325 946 ita
1372 903 1616 960 disputabo,
1663 907 1711 947 ut

38 962 45 966 ⁶
100 969 370 1025 'Foreellinii‚
401 971 614 1026 Gessneri,
646 971 780 1026 Nevii,
809 971 1020 1026 Ronschii‚
1051 971 1210 1014 Loewii
1240 971 1497 1027 aliorumque
1518 971 1709 1014 doctissi-

0 1020 25 1095 1
119 1051 280 1082 morum
315 1037 500 1080 virorum
535 1037 663 1080 libros
701 1038 910 1093 sagaciter
940 1038 1209 1093 perscriptos,
1248 1051 1352 1092 quos
1390 1037 1499 1080 infra
1535 1037 1713 1093 singulis

0 1100 22 1118 ⁶*
118 1104 272 1148 notabo
307 1103 495 1160 paginiS,
541 1117 663 1159 quam
700 1103 886 1146 maxima
921 1103 1141 1158 diligentia
1179 1103 1370 1146 studeam
1407 1103 1625 1148 consulere
1670 1109 1712 1148 et

117 1170 332 1215 adhibere.
390 1171 535 1226 Aequo
565 1176 718 1226 autem,
749 1184 831 1226 quo
851 1184 957 1226 opus
988 1174 1064 1226 est,
1088 1170 1247 1226 judicio
1268 1170 1390 1213 simul
1409 1171 1711 1228 Lachmanni³)

120 1241 164 1281 et
181 1237 356 1281 Luciani
374 1237 575 1292 Manen-⁵)
608 1238 726 1293 sequi
747 1238 939 1280 constitui
960 1237 1178 1291 editioneS,
1210 1251 1303 1279 cum
1332 1241 1508 1293 utraque
1538 1239 1709 1294 egregie

117 1304 294 1348 alteram
329 1305 541 1361 suppleat3
584 1305 696 1361 quod
732 1308 777 1348 ut
805 1305 970 1361 planius
1010 1318 1239 1360 exponam:
1270 1304 1349 1347 Illa
1384 1305 1584 1348 mirandis
1623 1305 1711 1349 fere

118 1371 476 1416 emendationibus
530 1372 706 1427 insignis
766 1385 819 1414 ex
869 1371 1067 1415 obsoletis
1124 1371 1280 1427 pendet
1333 1371 1710 1416 Grammaticorum

117 1437 367 1482 editionibus
377 1471 388 1494 ‚
426 1438 532 1481 haec
567 1438 733 1495 optimis
778 1451 855 1481 usa
890 1437 1063 1480 fontium
1098 1437 1264 1480 illorum
1302 1438 1610 1494 exemplaribus
1655 1453 1710 1482 ex

0 1540 3 1541 ν
113 1504 366 1549 immodesta
402 1505 583 1561 quadam
622 1505 800 1549 audacia
833 1504 1081 1560 conjiciendi
1110 1504 1398 1548 vehementius
1429 1505 1636 1550 claudicat
1669 1509 1711 1550 et

31 1576 35 1579 “
114 1571 298 1616 vacillat.
325 1598 381 1604 —

856 1627 1036 1683 Jamque
1064 1627 1291 1682 aggrediar
1319 1627 1375 1670 ad
1405 1641 1505 1673 rem.

232 1772 256 1817 ¹)
279 1771 410 1807 Jordan
427 1771 488 1816 (J),
513 1771 683 1807 Kritische
699 1772 860 1817 Beitr'age
883 1782 942 1806 zur
958 1771 1160 1807 Gesohichte
1184 1770 1242 1806 der
1264 1772 1382 1809 latein.
1399 1772 1549 1818 Sprache
1575 1784 1607 1818 p.
1626 1774 1706 1811 307.

226 1828 255 1872 ²)
279 1827 463 1871 Gottinger
485 1827 550 1872 gel.
575 1827 657 1862 Anz.
683 1828 780 1863 1873.
826 1838 860 1872 p.
883 1827 980 1863 1401.

226 1884 255 1928 ³)
281 1883 318 1921 C.
341 1882 463 1917 Lucilii
486 1883 668 1918 satirarum
699 1882 811 1920 Carol.
843 1882 981 1920 Lachm.
1013 1882 1081 1928 (L.)
1120 1882 1326 1927 emendavit,
1358 1883 1468 1918 edidit
1502 1883 1535 1920 J.
1561 1883 1706 1926 Vahlen,

115 1938 229 1976 Bcrol.
255 1939 353 1975 1876.

130 2049 167 2086 M
227 1995 254 2039 ⁴)
278 1994 316 2032 C.
340 1993 462 2030 Lucilii
485 1994 664 2030 satirarum
694 1994 856 2039 reliquiae
879 1994 1073 2030 emendavit
1102 1995 1138 2029 et
1165 1995 1352 2033 annotavit,
1410 1995 1550 2033 Lucian.
1573 1994 1699 2030 Miiller

116 2050 130 2096 (
169 2051 206 2096 .),
229 2049 321 2096 Lips.
346 2050 443 2087 1872.
