1910 3034
224 67 231 84 ι

21 131 58 159 ι.ι
131 126 245 149 ι.
445 131 611 153 §.f-2<
641 121 654 126 ‘
735 95 761 101 W
868 100 923 148 19

43 186 108 212 m·-

32 209 270 290 ’ἔδωκα
309 255 345 285 s.
381 245 570 284 artenam
613 253 690 284 vas
724 239 777 282 ab
814 237 1044 281 hauriendo
1088 235 1149 279 sic
1183 234 1493 291 appellabant“.
1564 233 1688 278 Unde

96 307 228 363 -inodo
257 307 379 362 hunc,
406 307 532 350 modo
561 306 674 349 illum
703 305 835 348 secuti
855 305 1018 347 Dousa:
1051 308 1386 358 „arutaenaeque
1415 305 1456 344 et
1474 300 1689 356 aquales“,

48 413 55 415 .
104 375 179 422 Gt:
223 379 475 431 „arutaenae
519 387 627 428 quae
670 377 712 415 et
752 371 976 426 aquales“,
1021 369 1070 412 Ο.
1101 370 1218 412 Ribb.
1262 368 1289 410 l.
1326 368 1350 411 l.
1387 382 1427 423 p.
1460 367 1539 410 122
1578 381 1689 422 sqq.:

58 441 66 453 “
101 445 358 496 ,μαωθηαθ
387 454 495 484 nunc
524 439 689 495 quidem
725 438 942 493 aquales“,
978 436 1051 478 M.:
1081 440 1391 490 „artaenaeque
1420 438 1463 477 et
1489 433 1691 488 aquales“

103 507 382 564 conjecerunt.
448 506 639 550 Lachm.:
679 509 808 561 „aput
843 510 955 554 tene,
993 503 1142 557 inquit,
1179 501 1428 556 aqualest‘?“
1483 499 1692 555 Equidem

103 573 336 617 rectissime
366 574 548 616 omnium
568 571 749 615 Keilium
779 571 935 626 legisse
955 576 1069 612 ratus
1099 573 1270 625 propter
1291 567 1470 611 Charisii
1489 567 1691 623 majorem

105 645 219 682 certe
246 639 546 692 auctoritatem,
577 639 705 681 verba
727 638 800 680 illa
828 636 976 679 Lucilii
1004 635 1102 678 olim
1131 649 1215 678 non
1245 634 1465 689 conjuncta
1491 633 1621 676 fuisse
1649 633 1693 675 in

104 719 232 750 versu
250 705 468 748 Luciliano
498 710 650 762 putem.
710 705 793 747 Cfr.
825 704 991 756 Lowe¹)
1019 717 1060 758 p.
1081 703 1175 753 313,
1206 701 1276 755 qui
1293 700 1516 743 Philoxeni
1533 712 1693 756 paucas

105 772 272 828 glossas
294 772 374 815 huc
394 773 649 827 pertinentes
670 772 803 826 affert,
834 775 876 812 et
896 770 937 813 S.
969 784 1008 825 p.
1029 769 1056 811 5
1086 769 1294 811 Graecum
1324 767 1595 822 ,,ἀρυ’ταινα“
1624 780 1692 822 ap.

105 839 178 882 Ar.
199 839 274 894 Eq.
297 839 403 882 1087
435 846 475 881 et
498 839 628 881 schol.
657 838 714 880 ad
742 838 782 880 h.
810 837 859 891 l.3
890 841 1110 891 praeterea
1139 849 1206 890 ap.
1230 833 1442 889 Theophr.
1464 833 1576 877 char.
1607 832 1647 887 9,
1667 833 1694 874 3

107 908 150 948 et
175 904 279 948 Poll.
311 905 350 959 7,
372 905 451 946 166
481 909 523 947 et
554 905 617 959 10,
646 906 699 947 63
728 903 954 957 invenitur,
986 902 1070 958 adj.
1102 900 1426 957 ἄρυταινοείδης
1454 913 1521 955 ap.
1544 899 1693 942 Galen.

129 1042 135 1048 ,
217 993 576 1049 catapeirates
612 994 638 1037 i.
675 1007 710 1036 e.
746 991 1087 1048 perpendiculum
1126 989 1214 1032 scil.
1248 988 1429 1031 funiculo
1459 993 1603 1043 aptum
1638 987 1697 1030 ad

105 1059 408 1116 explorandam
451 1059 709 1102 altitudinem
752 1059 880 1101 maris
925 1059 1113 1113 (Gessn.)
1151 1071 1189 1100 v.
1237 1057 1340 1098 1021
1372 1055 1429 1111 (3,
1459 1055 1552 1108 43);
1589 1054 1696 1108 „huc

106 1127 394 1183 catapeiraten
422 1140 525 1182 puer
555 1126 702 1170 eodem
733 1126 893 1168 deferat
913 1129 1093 1178 unctum,
1123 1122 1280 1180 plumbi
1307 1121 1537 1178 pauxillum
1566 1120 1695 1164 rudus

106 1193 264 1248 linique
291 1196 543 1236 metaxamx‘
601 1193 684 1248 (L.)
715 1192 932 1234 Traditum
964 1198 1026 1234 est
1046 1205 1114 1246 ap.
1145 1190 1246 1233 Isid.
1278 1189 1381 1243 orig.
1402 1188 1537 1242 XIX„
1566 1188 1694 1242 4,10,

106 1259 177 1303 ubi
203 1259 248 1302 in
277 1259 465 1316 ejusdem
494 1259 689 1302 lemmate
719 1258 858 1302 codd:
910 1257 1225 1312 „catasiorates,
1264 1254 1545 1310 catapioratiS‚
1584 1258 1696 1297 cata-

107 1330 356 1382 portantem,
385 1326 712 1381 cataparatcm,“
742 1325 784 1366 in
814 1338 939 1367 versu
971 1323 1185 1365 Luciliano
1217 1321 1342 1364 iidem
1369 1326 1696 1377 „cataporatem,

109 1396 386 1448 catapertem,
444 1395 794 1447 cataportantem,
844 1394 1154 1445 cataparatem‘·
1205 1389 1416 1431 exhibent.
1501 1388 1567 1430 Ex
1614 1401 1698 1442 qua

106 1458 329 1502 lectionum
373 1458 495 1514 copia
536 1471 628 1500 cuni
670 1456 983 1500 Lindenamnus
1026 1456 1069 1498 in
1106 1455 1205 1498 edit.
1250 1454 1371 1509 Isid.;
1417 1455 1466 1498 G.
1503 1454 1582 1497 inc.
1625 1455 1695 1510 113

109 1525 155 1568 S.
182 1538 224 1581 p.
254 1525 307 1566 21
337 1523 512 1567 finxisse
542 1523 744 1566 Lucilium
773 1524 944 1566 verbum
973 1523 1314 1579 „cataprorates“
1350 1522 1390 1563 h.
1421 1534 1456 1564 e.
1486 1521 1699 1577 plumbum

109 1591 172 1634 sic
204 1589 481 1647 appellatum,
522 1590 633 1645 quod
670 1588 780 1634 κατὰ
815 1590 987 1647 πρώρας
1023 1589 1326 1643 demitteretur,
1370 1588 1481 1643 quod
1523 1588 1698 1630 verbum

107 1658 222 1714 apud
251 1657 437 1701 Graecos
468 1657 694 1712 scriptores
723 1670 808 1699 non
830 1657 1051 1711 invenitur,
1080 1655 1370 1708 credidissent,
1402 1655 1698 1697 Lachmannus

108 1723 280 1766 tandem
317 1727 358 1766 et
394 1723 493 1765 Luc.
529 1722 728 1765 Miillerus
765 1736 909 1766 veram
943 1723 1230 1776 nativamque,
1274 1725 1319 1764 ut
1355 1720 1550 1776 equidem
1586 1725 1699 1776 puto,

109 1791 298 1845 formam,
328 1803 451 1845 quam
473 1803 599 1845 supra
618 1789 752 1845 posui,
782 1790 1014 1832 restitutam
1042 1788 1086 1830 in
1106 1792 1344 1831 contextum
1365 1793 1625 1847 receperunt.
1644 1813 1701 1819 —

112 1857 280 1900 Habent
307 1856 475 1912 quidem
496 1857 659 1910 Graeci,
689 1869 863 1911 quorum
892 1869 1002 1898 nunc
1024 1858 1194 1898 exstant
1221 1854 1327 1909 libri,
1356 1853 1471 1897 velut
1498 1854 1699 1911 Hesych.‚

110 1937 195 1967 non
223 1923 623 1980 ,,καταπειρατη’ν“,
653 1923 730 1966 sed
758 1923 882 1965 modo
912 1923 1340 1979 ,,καταπειρατῆρα“;
1382 1935 1433 1964 ac
1460 1925 1614 1976 tamen,
1657 1926 1703 1965 ut

0 2041 6 2050 ,
110 1991 167 2033 M.
203 1991 263 2034 ait
296 1990 340 2033 in
369 2004 516 2032 comm.
553 2004 592 2046 p.
624 1991 718 2045 205,
755 1990 827 2032 illa
856 1990 989 2032 forma
1027 2003 1164 2044 neque
1194 1989 1358 2041 ratione
1386 2002 1522 2043 neque
1551 1989 1700 2044 proba-

54 2107 59 2111 ,
110 2057 271 2101 bilitate
290 2056 536 2100 destituitur.
597 2056 680 2099 Cfr.
701 2057 825 2099 etiam
846 2058 1212 2114 καταπειρητηρία
1241 2070 1309 2111 ap.
1330 2055 1485 2098 Herod.
1507 2056 1547 2110 2,
1573 2057 1613 2110 5,
1634 2056 1700 2099 28.

112 2123 181 2167 Ad
219 2123 467 2166 sententiam
504 2123 601 2165 vide
637 2122 687 2165 Ο.
724 2122 883 2177 Keller,
917 2124 1034 2166 Neue
1071 2122 1215 2165 Jahrb.
1252 2121 1317 2164 fiir
1349 2122 1458 2165 Phil.
1495 2127 1538 2165 et
1570 2122 1702 2166 Paed.

115 2191 196 2233 109
224 2205 264 2246 p.
294 2191 374 2232 271
407 2194 449 2232 et
475 2189 730 2232 Bouterwek
759 2189 784 2231 l.
815 2189 840 2232 l.

226 2278 529 2334 clinopodes
565 2278 591 2321 i.
631 2292 663 2321 s,
702 2278 831 2334 pedes
862 2278 958 2320 lecti
993 2291 1031 2322 v.
1062 2278 1149 2319 35a
1178 2278 1235 2333 (1,
1264 2278 1357 2330 43):
1394 2291 1545 2333 „porro
1575 2277 1701 2320 clino-

116 2345 250 2403 podas
287 2344 567 2401 lychnosque,
605 2347 649 2385 ut
684 2343 869 2398 diximu’,
907 2346 1067 2400 σεμνῶς
1100 2343 1188 2385 anti
1224 2343 1383 2399 „pedes
1418 2343 1542 2387 lecti“
1577 2348 1703 2399 atque

114 2412 364 2468 „lucernas“
393 2412 708 2454 —w—v‘fi
768 2410 926 2460 Quibus
948 2410 1088 2452 verbis
1119 2423 1187 2466 ap.
1208 2410 1391 2453 Macrob.
1423 2415 1500 2453 sat.
1529 2412 1569 2465 6,
1588 2411 1628 2466 4,
1652 2411 1704 2453 18

115 2479 278 2522 traditis
307 2479 381 2521 vix
410 2478 591 2532 dubium,
627 2484 671 2519 ut
704 2478 795 2533 jam
824 2476 878 2520 M.
909 2476 1145 2529 adnotavit,
1181 2477 1281 2532 quin
1311 2477 1434 2519 Ennii
1469 2492 1502 2519 s.
1535 2476 1706 2520 Pacuvii

117 2545 356 2589 derideatur
390 2544 644 2588 consuetudo
680 2543 894 2586 vocabulis
932 2543 1092 2586 Latinis
1130 2543 1407 2586 substituendi
1445 2544 1622 2598 Graeca,
1660 2547 1707 2585 ut

118 2611 318 2668 grandius
356 2611 554 2666 quiddam
593 2615 715 2653 sonet
750 2611 894 2654 oratic.
968 2610 1051 2652 Cfr.
1086 2623 1233 2652 comni.
1264 2625 1303 2667 p.
1336 2611 1435 2666 1983
1473 2610 1514 2654 S.
1551 2625 1593 2666 p.
1630 2610 1704 2665 243

119 2679 227 2723 Mus.
256 2678 390 2722 Rhen.
421 2679 476 2721 24
509 2693 548 2734 p.
573 2678 671 2732 1403
702 2676 1014 2720 accuratissime
1046 2677 1095 2720 G.
1118 2677 1222 2733 prol.
1250 2691 1290 2732 p.
1311 2677 1382 2719 LI.
1410 2702 1466 2708 —
1496 2677 1706 2720 Graecum

119 2745 354 2797 κλινόπους
374 2758 427 2787 ex
442 2745 688 2799 Themistio‚
710 2744 898 2799 Geopon.
918 2744 983 2798 13,
999 2744 1037 2798 9,
1055 2744 1093 2798 9,
1110 2743 1289 2800 Etymol.
1307 2757 1447 2799 magn.
1463 2758 1504 2800 p.
1519 2743 1615 2798 425,
1631 2743 1704 2798 283

121 2812 308 2869 Hesych.
337 2825 365 2854 a
394 2811 608 2868 Stephano
638 2810 820 2854 affertur.

237 2980 263 3025 ¹)
286 2978 400 3020 Leve,
422 2978 622 3024 prodromos
646 2978 796 3023 corporis
818 2976 1063 3022 glossariorum
1085 2976 1281 3018 latinorum,
1306 2975 1400 3021 Lips.
1425 2975 1524 3012 1876.
