1910 3034
236 8 478 29 ''''''

229 29 236 39 ⁴
442 37 450 47 ι

128 155 131 159 ,
164 135 237 169 ΑΛ,
260 131 286 173 g*

10 239 13 244 ι
79 170 479 265 ἕῙ-’ῖιρίῃιθι-
518 197 546 239 i,
583 211 619 240 e.
657 200 811 252 raptor,
854 209 893 240 v.
931 196 987 238 60
1023 196 1085 249 (2,
1118 196 1180 249 1):
1222 194 1375 250 „homo
1411 195 1642 250 impuratus
1677 199 1720 238 et

3 268 7 278 ¹
125 267 181 307 3·
207 277 305 307 wo
347 268 494 319 estque
530 263 738 319 rapister“
774 263 899 315 (Nou.
938 262 1036 316 129,
1070 262 1157 315 28).
1237 261 1361 313 Quod
1397 275 1489 304 cum
1526 262 1719 316 scribam,

31 318 236 394 &slsum
263 329 427 373 Mulleri
448 332 612 383 (comm.
643 344 682 385 p.
710 330 806 383 199)
836 330 1060 384 comprobo
1080 331 1345 384 argumenta3
1374 341 1472 370 uam
1502 328 1613 383 quod
1641 342 1719 384 pro

47 466 52 476 '
133 460 238 506 illud
278 462 524 507 vocabulum
570 477 597 505 a
638 462 811 504 Lachm.
854 466 1062 517 receptum
1110 461 1153 503 in
1196 460 1346 504 eodem
1389 459 1537 503 Lucilii
1579 474 1718 515 versu,

50 531 59 539 ”
134 527 213 571 sed
253 527 337 572 alio
373 528 737 585 „Compeutliosae
773 528 988 571 doctrinae
1031 541 1106 583 pcr
1142 527 1329 570 litteras“
1364 526 1582 570 Nouianae
1625 526 1717 570 loco

127 597 195 652 (p.
226 596 318 650 167,
346 596 416 647 22)
446 594 608 650 legitur,
637 594 680 636 id
710 594 969 636 librariorum
998 607 1082 636 uon
1104 589 1380 648 Nonii‘culpa
1410 593 1604 636 evenisse
1633 594 1718 635 evi-

134 661 283 706 denter
309 662 493 718 exponit.
522 687 578 692 —
606 662 741 717 „Apte
772 660 978 704 confertur
1006 674 1033 703 a
1060 659 1324 702 Franckeuio
1354 659 1556 715 (Coujcct.
1587 659 1716 704 Lucil.

133 727 182 784 1„
210 729 254 783 9)
283 729 576 785 „capistrum“.

0 720 19 757 έι

0 758 24 883 f}
242 816 310 872 β’)
345 817 505 872 Restat,
538 821 583 859 ut
611 817 731 858 unius
762 816 1019 858 meminerim
1050 816 1179 858 subst.
1208 814 1454 868 diminutivi,
1491 814 1603 870 quod
1625 815 1717 871 jam

0 916 17 958 3
133 886 231 925 ante
260 882 462 925 Lucilium
493 883 708 925 exstitisse
737 896 789 925 ex
819 882 967 925 Plauto
996 886 1134 938 potest
1162 881 1371 924 concludi:

27 1007 31 1011 .
243 959 494 1003 culcitula
529 960 555 1001 i.
595 973 628 1003 e.
666 974 796 1015 parva
833 960 994 1013 culcita,
1030 973 1067 1002 v.
1107 959 1187 1001 866
1224 959 1305 1012 (30,
1336 959 1427 1010 41>:
1471 959 1719 1014 „culcitulae

0 961 21 1077 l
132 1017 335 1069 accedunt
363 1018 509 1082 priirae
537 1027 780 1069 centonibus
809 1027 959 1079 binis‚·‘
989 1026 1061 1068 cfr.
1082 1025 1274 1070 Diomed.
1304 1026 1399 1080 323,
1418 1026 1484 1069 20.
1542 1025 1716 1069 Plautus

0 1081 29 1133 ἶ
131 1087 244 1136 euim
271 1092 316 1136 iu
344 1097 466 1135 most.
495 1094 534 1146 4,
556 1094 595 1147 2,
618 1094 671 1135 14
692 1093 807 1147 (894)
836 1094 1007 1135 verbum
1026 1098 1200 1148 usurpat
1229 1092 1341 1148 quod
1370 1099 1433 1135 est
1453 1091 1718 1147 „culcitella“

0 1138 10 1169 Γ
54 1196 61 1204 ,
131 1172 159 1202 a
186 1158 431 1214 ,‚culcitula“
461 1159 706 1202 derivatum.
736 1184 791 1190 -
821 1159 980 1202 Sensus
1010 1159 1123 1200 haud
1153 1158 1276 1201 dubie
1307 1159 1524 1202 obscenus.

241 1250 285 1304 γ)
330 1246 489 1298 Quibus
525 1248 705 1303 peractis
741 1252 911 1290 transeo
954 1247 1010 1290 ad
1046 1260 1097 1289 ea
1135 1248 1262 1291 subst.
1299 1244 1370 1291 ἅπ-
1408 1253 1509 1305 hy„
1547 1262 1656 1304 quae
1690 1263 1718 1292 a

132 1313 290 1356 Lucilio
318 1317 391 1356 aut
418 1313 514 1356 ficta
534 1318 631 1355 suut
658 1318 730 1356 aut
758 1319 867 1356 certe
887 1315 984 1356 ficta
1014 1328 1109 1357 esse
1130 1319 1317 1370 possunt.
1377 1314 1560 1366 Quorum
1582 1316 1716 1372 primo

130 1378 223 1423 loco
250 1380 332 1422 tria
358 1380 520 1435 reliqua
549 1393 702 1435 ponam

0 1504 7 1530 Γ
239 1471 304 1526 7¹)
335 1470 586 1510 demi-antina.
657 1470 722 1512 De
752 1469 1018 1511 deminutivis
1055 1471 1098 1512 iu
1127 1470 1366 1513 universum
1404 1471 1511 1514 conf.
1540 1471 1717 1514 Wolffli-

0 1549 5 1582 ι
130 1535 265 1590 nium,
309 1535 379 1590 qui
414 1535 456 1577 in
493 1535 642 1578 Philol.
679 1536 734 1578 34
769 1550 809 1591 p.
849 1536 929 1578 150
964 1537 1022 1579 ita
1053 1537 1215 1580 scribit:
1260 1539 1343 1592 „Es
1385 1538 1441 1580 ist
1477 1538 1571 1581 eine
1603 1539 1718 1582 nicht

0 1594 10 1640 ἰ
129 1602 251 1645 mehr
283 1615 412 1656 neue,
454 1603 556 1645 aber
596 1603 680 1645 viel
722 1616 773 1645 zu
811 1603 951 1658 wcnig
987 1604 1250 1647 anerkaunte
1282 1606 1571 1661 Bemerkuug,
1615 1606 1716 1648 dass

129 1667 200 1712 (lie
230 1681 320 1724 sog.
348 1669 619 1712 Demiuutiva
648 1669 858 1712 dui-chaus
895 1670 1009 1712 nicht
1036 1671 1185 1713 immer
1213 1671 1494 1727 verkleinern,
1532 1673 1717 1715 scudem

129 1748 186 1778 au
213 1735 283 1778 die
311 1735 443 1778 Stelle
470 1735 547 1787 der
567 1736 878 1778 Stammworter
907 1740 1051 1789 treteu,
1081 1750 1206 1779 wenu
1234 1737 1311 1779 der
1330 1738 1602 1794 Sprechende
1631 1739 1715 1782 deu

129 1801 354 1845 Ausdruck
389 1802 527 1845 seiues
559 1803 715 1845 Affects
745 1802 1010 1858 hineinlegeu
1039 1803 1138 1857 will,
1176 1804 1237 1846 sei
1274 1817 1321 1846 es
1351 1804 1427 1847 der
1455 1805 1714 1862 Zuueiguug,

129 1867 208 1911 des
241 1868 506 1924 Bedauerus‚
550 1870 611 1912 sei
648 1884 693 1912 es
730 1869 806 1912 der
839 1870 1141 1924 Abneiguug.')
1214 1869 1320 1913 Sunt
1361 1871 1475 1927 apud
1510 1872 1714 1916 Lucilium

129 1934 263 1978 solum
292 1935 416 1979 haec:

0 2051 9 2073 ,
125 2072 135 2079 ,
240 2023 492 2067 austellus
521 2024 547 2067 i.
578 2038 612 2068 e.
644 2038 799 2080 parvus
829 2041 862 2069 s,
893 2025 1131 2068 leuissimus
1160 2030 1313 2081 auster,
1351 2041 1391 2071 v.
1420 2028 1503 2070 452
1532 2029 1616 2082 (16,
1646 2029 1711 2084 8);

129 2104 234 2146 „rex
262 2091 390 2134 Cotus
419 2091 490 2134 ille
518 2091 600 2134 duo
629 2091 705 2134 hos
727 2097 888 2147 ventos,
917 2098 1101 2151 austrum
1131 2098 1256 2148 atque
1276 2094 1513 2149 aquilonem
1541 2095 1713 2138 novisse

129 2157 269 2202 aiebat
295 2158 421 2211 solos,
453 2158 529 2201 sed
560 2158 751 2214 demagis
782 2159 885 2202 istos
917 2174 969 2203 ex
990 2161 1130 2202 nimbo
1151 2160 1352 2203 austcllos
1382 2174 1460 2204 uec
1478 2174 1606 2204 nosse
1634 2175 1713 2205 nec

130 2237 227 2268 esse
261 2227 449 2280 putare.“
529 2225 650 2276 Quod
686 2226 912 2280 siguificat:
958 2226 1084 2269 Cotus
1121 2226 1266 2269 Thrax
1302 2222 1531 2271 fui‘eutibus
1574 2229 1711 2272 ventis

129 2294 322 2334 assuetus
358 2290 466 2345 illos,
507 2291 578 2346 qui
611 2304 704 2333 cum
741 2291 879 2334 nimbo
917 2292 1060 2334 venire
1098 2293 1246 2348 solent,
1282 2298 1446 2337 austros
1476 2295 1545 2338 vel
1574 2296 1710 2351 potius

127 2357 329 2401 austellos
358 2370 528 2400 numero
557 2361 773 2400 ventorum
802 2371 885 2400 uon
915 2358 1050 2403 habet.

238 2446 483 2490 callicula
511 2447 537 2491 i.
569 2460 604 2490 e.
635 2446 937 2490 deminutivum
966 2448 1189 2491 femininae
1223 2449 1382 2493 formae
1418 2464 1503 2493 uon
1530 2451 1710 2496 traditae

127 2513 319 2556 vocabuli
346 2513 551 2568 ‚,callum“
580 2513 648 2556 vel
668 2513 863 2568 „callus“,
896 2528 976 2569 quo
997 2515 1200 2557 fructuum
1219 2516 1492 2573 foliorumque
1513 2519 1709 2562 corticem

129 2594 163 2624 s.
193 2584 391 2637 putamen
418 2581 664 2636 saepissime
693 2594 761 2636 ap.
790 2580 970 2623 Plinium
999 2581 1226 2636 significari
1255 2581 1447 2638 legimus
1474 2610 1531 2615 —

238 2657 308 2700 Sic
329 2657 439 2700 enim
460 2657 751 2700 obscurissimo
772 2657 842 2700 illo
867 2662 908 2700 ct
926 2658 1206 2701 miserabilem
1226 2659 1268 2701 in
1288 2660 1456 2704 modum
1476 2662 1709 2718 depravato

128 2722 221 2766 loco
249 2724 478 2778 Luciliano,
506 2724 575 2766 ubi
605 2724 654 2767 Gr.
685 2738 725 2779 p.
746 2724 813 2778 98,
845 2725 926 2766 164
949 2724 1228 2781 ‚,gulliocae“3
1259 2727 1306 2769 L.
1337 2741 1377 2771 v.
1399 2729 1509 2771 1200
1527 2729 1706 2784 „gutilli-

128 2790 307 2846 oncae“;
336 2790 392 2833 Μ,
410 2789 517 2846 frag.
546 2790 623 2834 inc.
645 2790 822 2833 LXXX.
851 2805 892 2847 p.
924 2791 1002 2833 147
1033 2796 1074 2834 et
1093 2805 1239 2836 comm.
1270 2807 1309 2848 p.
1331 2794 1432 2837 282:
1462 2795 1708 2850 „gullucae“

243 2936 268 2982 ¹)
291 2935 365 2973 cfr.
389 2935 503 2974 etiam.
548 2935 603 2973 w.
625 2934 761 2978 maner,
783 2935 826 2971 de
848 2935 935 2981 ung.
956 2935 1017 2974 iat
1041 2936 1271 2982 deminum,
1294 2937 1376 2976 diss.
1398 2938 1532 2984 Refflm.
1558 2939 1655 2980 1865.

123 407 239 440 ‘voce
273 398 510 452 „rapister“
547 396 671 440 etiam
707 396 975 452 „rapinator“
1012 395 1316 438 Varroniauum
1361 397 1454 448 (sat.
1499 395 1609 438 Meu.
1646 396 1718 448 65)
1804 431 1811 437 .
