1910 3034
1811 20 1813 23 .
1851 0 1877 18 ν

1869 28 1875 45 1

1012 28 1068 70 30

356 163 672 219 piseinensis
710 163 736 204 i.
774 176 807 204 0.
847 162 916 216 qui
959 161 1163 217 piscinam
1207 161 1455 218 frequentat,
1500 177 1539 208 v.
1586 163 1694 208 1099
1735 163 1834 219 (inc.

252 231 365 283 103):
400 243 500 286 „pro
531 230 677 272 obtuso
707 242 778 270 ore
807 227 924 283 pugil
944 228 1193 283 piscincnsis
1224 230 1383 271 reses“.
1441 229 1525 272 Cfr.
1545 229 1658 276 Fest.
1677 244 1719 287 p.
1740 230 1836 286 213,

244 298 290 338 5:
325 296 404 350 „ad
434 310 558 350 quam
589 295 826 351 (piscinam)
848 298 891 336 01
909 298 1096 337 natatum
1127 299 1168 338 et
1197 296 1508 339 exercitationis
1531 296 1688 352 alioqui
1707 311 1836 341 causa
1879 294 1881 297 ’

246 363 440 406 veniebat
466 362 683 418 populus“.
742 361 795 402 M.
827 360 969 403 scribit
992 361 1312 415 „Piscinensis“.
1344 388 1399 393 —
1427 362 1566 405 Alium
1586 362 1714 407 habet
1743 377 1835 407 sen-

245 444 335 472 sum
366 444 455 472 voc.
486 425 596 481 ἅπαξ
627 427 854 484 λεγόμενον
871 427 1172 482 „piscinarius“
1192 428 1231 470 h.
1263 442 1314 483 e.,
1345 429 1415 484 qui
1444 428 1670 485 voluptatis
1699 430 1836 486 gratia

247 496 430 552 piscinas
462 495 598 549 habet,
629 509 695 550 ap.
729 494 815 537 Cic.
845 494 911 537 ad.
943 495 1026 536 Att.
1060 496 1096 549 1,
1130 495 1181 537 19
1210 498 1236 549 ἓ
1266 497 1292 538 6
1322 500 1362 538 01
1390 495 1446 537 20
1474 498 1500 548 ξ
1529 495 1568 539 3.

354 596 543 651 pistrix
579 595 619 636 h.
660 609 693 638 0.
732 594 891 648 mulier,
931 609 1038 650 quae
1066 595 1208 650 fruges
1238 595 1368 652 pinsit
1397 609 1489 638 seu:
1523 608 1655 652 „quae
1683 609 1835 652 panem

242 662 446 717 conticit“,
484 675 522 706 v.
563 661 671 703 1090
705 661 800 715 (inc.
838 663 929 715 96):
971 662 1206 718 „pistricem
1244 662 1442 717 validam,
1481 662 1517 705 si
1552 663 1709 705 nummi
1739 676 1834 719 sup-

243 729 499 785 peditabunt,
520 728 656 771 addas
677 728 920 783 empleuron
948 761 1086 772 .....
1093 730 1112 751 “
1174 729 1304 782 (Fest.
1327 743 1367 784 p.
1391 728 1500 784 142).
1557 729 1697 772 Etiam
1715 729 1834 773 Varr.

242 795 295 838 (10
325 795 352 837 l.
382 795 407 839 1.
438 796 466 837 4
496 811 534 851 p.
569 796 648 838 140
678 795 742 837 ed.
779 795 965 851 Spengel
996 796 1105 838 hanc
1125 809 1272 838 vocem
1293 810 1347 839 ex
1369 795 1527 839 Lucilio
1549 795 1702 852 repetit
1719 795 1836 839 hisce

243 863 401 905 verbis:
443 862 565 916 „inde
600 866 696 918 post
731 862 774 903 in
810 863 910 905 urbe
945 862 1078 905 Lucili
1114 863 1292 918 pistrina
1334 866 1376 905 et
1418 863 1610 919 pistrix“,
1653 862 1764 906 unde
1808 877 1836 906 a

242 929 401 973 Lucilio
433 929 599 972 demum
630 929 767 972 fictam
798 942 894 971 esse
925 930 1033 972 hanc
1064 943 1208 972 vocem
1239 930 1475 985 colligeres,
1495 929 1578 972 nisi
1604 929 1701 986 ipsa
1718 930 1834 974 vocis
1890 983 1892 986 y

241 996 489 1052 significatio
519 996 763 1052 popularem
794 996 884 1052 ejus
915 996 1155 1039 ostenderet
1182 1010 1303 1039 usum
1340 1000 1383 1039 et
1418 996 1634 1052 originem.
1705 997 1835 1040 Panis

242 1063 351 1106 enim
382 1063 683 1106 confectionem
718 1062 850 1106 fuisse
885 1077 954 1119 ap.
984 1064 1196 1106 Romanos
1226 1064 1451 1119 praecipue
1479 1063 1699 1106 mulierum
1728 1063 1835 1106 Plin.
1883 1090 1887 1097 ·

243 1131 308 1185 18,
354 1131 403 1172 11
449 1130 581 1174 docet.
618 1156 674 1160 —-
709 1131 854 1172 Liceat
894 1130 996 1173 mihi
1038 1144 1180 1173 mrsus
1217 1131 1405 1173 Lowium
1449 1130 1606 1187 (prodr.
1651 1144 1692 1186 p.
1736 1130 1836 1185 315)

239 1197 426 1252 laudare,
465 1198 534 1252 qui
568 1212 686 1251 „cum
715 1198 864 1254 pistrix
894 1197 1180 1252 vocabulum“,
1218 1197 1363 1252 inquit,
1397 1197 1503 1253 „nisi
1530 1197 1574 1240 in
1603 1197 1684 1240 1100
1711 1211 1838 1240 versu

242 1265 455 1307 Luciliano
486 1279 691 1320 nusquam
720 1264 918 1308 traditum
948 1269 1097 1320 exstet,
1117 1264 1340 1308 Philoxeni
1370 1279 1409 1320 p.
1443 1265 1535 1320 162,
1568 1264 1620 1307 19
1646 1264 1834 1320 glossae:

245 1331 439 1387 „pistrixz
478 1335 607 1389 κῆτος
642 1334 715 1377 καὶ
750 1330 990 1388 ἄρτοποιός,
1037 1345 1146 1387 quac
1184 1346 1207 1375 e
1251 1331 1410 1374 duabus
1454 1330 1590 1374 hisce:
1638 1331 1834 1387 „pistrix:

240 1399 393 1453 κῆτος“
436 1402 477 1440 01
517 1400 711 1455 „pistrixz
748 1399 1002 1455 οἷρτοποιόςιι
1042 1401 1086 1441 111
1122 1413 1249 1442 11113111
1286 1401 1500 1441 0011113013
1537 1403 1614 1454 est,
1657 1397 1835 1442 alteram

240 1471 404 1520 partem
440 1465 493 1508 ad
525 1466 729 1509 Lucilium
764 1466 1033 1509 rettulerim“.
1094 1466 1310 1509 Invenitur
1338 1469 1478 1508 autem
1509 1465 1691 1522 saepius,
1720 1465 1836 1508 velut

238 1528 306 1588 ap.
337 1532 450 1588 Virg.
479 1532 584 1577 Aen.
615 1534 654 1588 3,
692 1534 772 1576 427
815 1537 855 1576 et
891 1548 958 1590 ap.
998 1534 1081 1577 Cic.
1114 1534 1228 1576 Arat.
1270 1533 1362 1588 152,
1400 1546 1486 1576 vox
1516 1533 1715 1588 „pistrix“
1748 1532 1836 1588 illa,
1881 1575 1886 1582 ,

241 1612 348 1654 quae
386 1603 526 1642 tamen
561 1600 665 1643 nihil
700 1601 782 1643 nisi
817 1601 951 1644 altera
987 1600 1122 1644 forma
1157 1601 1273 1643 vocis
1316 1600 1508 1656 „pristis“
1547 1600 1573 1644 i.
1613 1613 1648 1642 e.
1689 1599 1836 1655 „belua

239 1666 424 1709 marina“
458 1671 532 1710 est.

353 1766 658 1822 quirritatus
687 1768 713 1812 i.
745 1783 779 1812 c.
801 1768 1003 1810 naturalis
1024 1782 1108 1811 vox
1128 1769 1263 1811 verris
1284 1767 1516 1822 clamantiS,
1545 1771 1591 1810 ut
1617 1766 1834 1822 grunnitus

242 1833 345 1889 (Cic.
378 1834 501 1878 Tusc.
532 1836 572 1890 5,
601 1836 667 1891 40,
702 1836 798 1889 116)
828 1849 911 1878 vox
946 1849 1089 1891 aprae,
1120 1850 1159 1878 v.
1192 1836 1297 1878 1087
1328 1835 1427 1892 (inc.
1459 1835 1576 1889 116):
1609 1836 1835 1890 „quantum

239 1901 442 1943 hinnitum
475 1906 602 1957 atque
630 1902 933 1956 quirritatum!“
996 1903 1066 1946 Sic
1087 1903 1196 1946 enim
1221 1902 1415 1958 equidem
1436 1900 1700 1944 scribendum
1719 1904 1833 1956 puto,

238 1968 311 2023 ita,
348 1972 394 2010 111
422 1969 557 2025 prima
594 1983 693 2025 pars
729 1983 876 2012 versus
908 1970 1082 2025 jambici
1118 1970 1320 2012 octonarii
1357 1969 1547 2013 omnibus
1583 1967 1833 2011 comicorum

241 2036 407 2090 quidem
446 2036 623 2079 licentiis
659 2037 847 2079 instructi
884 2036 969 2079 fiat.
1041 2037 1149 2080 Nam
1186 2050 1279 2079 011111
1314 2037 1448 2079 Varro
1485 2035 1547 2078 de
1574 2034 1602 2077 l.
1638 2034 1665 2090 l,
1707 2035 1744 2090 7,
1779 2034 1831 2077 81

238 2104 296 2158 (p.
318 2103 399 2144 379
430 2102 493 2146 ed.
524 2103 698 2158 Speng.)
730 2103 928 2159 explicet:
962 2104 1116 2159 „multa
1144 2105 1197 2147 ab
1218 2103 1460 2146 animalium
1480 2102 1653 2146 vocibus
1681 2101 1834 2144 tralata

238 2169 281 2211 in
310 2169 512 2221 homines,
544 2170 695 2225 partim
726 2184 833 2226 quae
864 2174 958 2213 sunt
986 2176 1145 2227 aperta,
1176 2170 1329 2227 partim
1358 2171 1546 2214 obscura.
1604 2168 1834 2225 Perspicua

238 2240 283 2278 ut
312 2269 528 2281 ......
560 2237 710 2280 Lucil:
756 2242 955 2293 quantum
998 2238 1037 2280 h.
1083 2253 1121 2281 a.
1167 2239 1250 2294 q.“,
1287 2238 1342 2280 M.
1391 2237 1579 2281 codicum
1616 2242 1658 2280 01
1698 2235 1833 2280 Lach-

239 2303 381 2345 manni
411 2303 650 2347 lectionem:
684 2306 938 2361 „equitatum
969 2302 1058 2359 (ἅπ.
1081 2311 1182 2362 hey„
1213 2306 1265 2348 ab
1298 2305 1469 2361 „equire
1497 2304 1524 2346 i.
1547 2318 1583 2347 e.
1614 2302 1728 2367 quod
1754 2316 1833 2346 nos

240 2370 431 2426 dicimus3
473 2374 704 2427 „rossen)“‚
743 2386 851 2427 quae
887 2373 1057 2415 minime
1094 2386 1242 2415 vocem
1271 2372 1340 2416 vel
1369 2371 1596 2415 clamorem
1625 2370 1833 2426 quendam

240 2437 458 2492 exprimat,
483 2439 579 2494 jure
610 2452 632 2481 e
662 2443 779 2482 textu
808 2439 1024 2482 Luciliano
1055 2439 1184 2496 ejicit3
1227 2439 1304 2482 sed
1334 2452 1387 2482 ex
1418 2452 1482 2493 00,
1521 2437 1633 2494 quod
1661 2437 1832 2492 dubitat,

239 2507 374 2546 utrum
403 2505 690 2560 reponendum
721 2507 774 2548 sit
797 2507 1084 2561 „quiritatum“
1117 2509 1161 2560 (a
1183 2505 1448 2562 „quiritare“,
1478 2505 1505 2547 1.
1526 2518 1563 2549 0.
1584 2501 1834 2560 „Quiritium

240 2571 465 2626 implorare
485 2572 638 2614 fidem“
668 2577 709 2615 01
727 2574 948 2616 translate:
979 2574 1284 2629 „vociferare“)
1315 2587 1371 2616 an
1390 2571 1708 2629 ,‚heijulatum“,
1737 2583 1834 2614 mea

242 2638 409 2692 quidem
448 2640 653 2682 sententia
689 2654 833 2683 veram
871 2641 1130 2696 scripturam,
1164 2640 1205 2682 h.
1244 2654 1278 2683 e.
1317 2639 1510 2683 animalis
1541 2652 1702 2693 vocem,
1738 2635 1833 2680 eum

241 2705 461 2747 restituere
497 2719 581 2748 non
610 2706 795 2749 voluisse
824 2711 1011 2763 apparet.
1050 2732 1105 2739 —
1142 2707 1453 2762 „Quirritatus“
1488 2709 1553 2749 est
1587 2705 1679 2748 sine
1707 2703 1832 2748 dubio

242 2785 331 2813 voc.
362 2770 790 2830 ὀνοματοποιητικόν,
827 2778 871 2816 111
900 2774 1099 2829 hinnitus,
1135 2774 1315 2829 vagitus,
1352 2773 1544 2829 mugitus,
1577 2771 1743 2816 similia.
1777 2795 1834 2802 ——

244 2838 327 2880 Cfr.
357 2851 426 2894 ap.
446 2842 553 2881 auct.
575 2853 700 2882 carm.
723 2840 939 2884 Philomel.
970 2842 1044 2883 55:
1076 2841 1326 2897 „quirritant
1343 2853 1501 2895 verres,
1530 2839 1686 2896 pardus
1709 2837 1832 2894 rudit,

242 2907 366 2947 oncat
393 2904 593 2948 asellus.“
