1910 3034
1048 60 1105 103 54

275 201 456 254 apparet
501 198 611 239 enim
658 194 898 250 „labosum“
943 194 1088 237 venire
1130 207 1157 236 a
1202 193 1363 249 „labe“.
1441 193 1642 238 Similiter
1683 193 1732 238 L.
1776 194 1876 238 edit.

274 280 315 321 p.
355 266 402 306 ll
443 267 584 307 annot.
642 262 817 304 Praeter
851 260 1161 313 necessitatem,
1198 263 1243 303 ut
1277 259 1439 314 opinor,
1476 258 1525 303 Ο.
1556 258 1704 303 Keller
1739 261 1876 315 (Neue

275 330 419 374 Jahrb.
450 329 516 371 fur
545 328 651 371 Phil.
684 330 725 369 et
743 326 874 368 Paed.
908 326 987 367 109
1016 340 1056 380 p.
1087 325 1170 367 274
1200 325 1280 380 sq.)
1314 325 1537 379 ‚,labosus“
1569 325 1614 368 in
1637 325 1873 379 „lamosus“

274 397 299 440 i.
337 409 372 439 e.
409 394 597 450 paluster
639 391 976 436 commutandum
1021 391 1235 434 existimat
1278 392 1381 433 scite
1417 391 1585 446 quidem
1628 392 1874 436 recordatus

274 462 377 505 illud
419 461 543 504 Ennii
586 474 624 503 v.
669 459 748 501 551
794 472 911 501 ann.:
967 458 1192 511 „silvarum
1241 457 1374 500 saltus
1419 457 1604 501 latebras
1653 458 1875 515 lamasque

273 528 474 572 lutosas.“
532 526 642 568 Illud
674 526 893 580 „labosus“
928 528 1228 568 commemorat
1255 526 1305 567 R.
1338 540 1377 580 p.
1408 525 1504 567 237.

388 639 698 680 squarrosus
727 626 753 669 i.
786 639 820 669 e.
843 629 982 668 crusta
1002 624 1216 678 obductus,
1247 625 1553 680 porriginosus,
1582 638 1622 667 v.
1645 626 1755 668 1114
1773 625 1872 681 (inc.

277 695 395 747 108):
429 706 678 747 „varronum
734 706 785 735 ac
813 692 1000 747 rupicum
1023 705 1262 746 squarrosa,
1292 691 1506 734 incondita
1529 691 1731 735 rostra.“·
1765 692 1874 736 Vide

275 760 392 803 Paul.
431 760 532 802 328:
580 759 821 814 „squarrosi
864 759 916 800 ab
954 757 1102 800 eadem
1141 771 1407 811 squamarum
1445 757 1716 802 similitudine
1759 758 1872 812 dicti,

276 839 450 880 quorum
479 825 584 868 cutis
616 825 805 878 exsurgit
834 825 885 867 ob
916 823 1131 866 assiduam
1160 823 1396 878 illuviem3“
1434 827 1475 867 et
1502 823 1617 866 Fest.
1638 824 1730 867 '329
1760 824 1871 867 simi-

275 893 370 936 liter
405 892 605 935 mutilatis
641 891 794 933 verbis.
869 890 995 945 Cujus
1039 890 1239 946 adjectivi
1274 890 1523 933 vocabulum
1557 890 1790 946 principale
1829 891 1872 934 in

276 959 420 1013 lingua
455 957 586 1000 latina
621 956 763 999 nescio
802 956 1011 1011 quomodo
1050 956 1238 1011 perierit3
1285 960 1426 999 exstat
1466 960 1605 999 autem
1648 957 1692 999 in
1728 956 1872 1012 lingua

278 1025 456 1078 Graeca,
487 1025 523 1066 si
553 1023 813 1078 Scaligerum
843 1023 1067 1077 sequimur,
1098 1022 1290 1078 ejusdem
1319 1022 1703 1078 indegermanicae,
1739 1026 1786 1066 ut
1812 1024 1872 1066 ita

276 1091 427 1146 dicam,
466 1090 638 1145 originis
675 1089 810 1132 forma
848 1088 1052 1145 ,,ἐσχοὲρα,
1089 1089 1204 1132 velut
1239 1103 1307 1145 ap.
1344 1089 1471 1132 Arist.
1508 1089 1642 1145 probl.
1675 1089 1712 1144 1,
1742 1090 1796 1132 32
1831 1093 1888 1148 et!

277 1157 455 1201 Beckeri
469 1156 626 1199 Anccd.
658 1156 752 1208 257,
785 1169 892 1210 quae
914 1155 1123 1210 significat
1154 1156 1331 1210 „ulceris
1351 1155 1421 1198 vel
1441 1155 1630 1198 vulneris
1651 1156 1874 1199 crustam“.

277 1249 331 1254 —
361 1223 555 1266 Ceterum
585 1222 656 1265 cfr.
687 1222 829 1272 Lowe,
860 1221 1000 1277 prodr.
1034 1237 1071 1276 p.
1103 1222 1197 1274 317,
1234 1222 1303 1276 qui
1333 1225 1459 1265 antea
1487 1235 1644 1266 novum
1671 1222 1758 1278 huj.
1787 1221 1874 1278 adj.

276 1286 347 1333 ἅπ.
378 1293 512 1346 εἰρημ.
542 1287 780 1343 exemplum
810 1287 853 1328 in
882 1287 1027 1341 glossa
1048 1287 1230 1341 quadam
1261 1301 1356 1330 sese
1376 1288 1591 1331 invenisse
1618 1292 1735 1332 ratus
1765 1288 1876 1331 hunc

277 1369 460 1398 errorem
489 1353 693 1408 intellegit
723 1358 765 1396 et
795 1353 974 1408 corrigit.

387 1454 612 1497 tricosus
642 1455 667 1497 i.
698 1467 733 1497 e.
765 1453 873 1495 dolis
903 1452 1135 1495 malitiosus
1168 1468 1199 1497 S.
1231 1453 1474 1509 insidiosus,
1505 1468 1545 1496 v.
1566 1454 1650 1497 350
1679 1455 1762 1508 (11,
1783 1454 1875 1509 27);

280 1520 373 1575 „hic
395 1520 447 1562 ’st
465 1520 632 1562 tricosu’
648 1519 951 1574 bovinatorque
972 1531 1045 1561 ore
1063 1519 1255 1574 improbu
1276 1519 1432 1562 'dur0.“
1481 1520 1603 1571 Quod
1622 1520 1876 1576 adjectivum

277 1586 471 1641 equidem
501 1600 594 1628 cum
615 1586 842 1637 Gessnero,
872 1585 1159 1639 Lachmanno,
1180 1585 1423 1628 Frankenio
1445 1587 1502 1642 (p.
1524 1587 1620 1640 264,
1640 1586 1878 1641 Mnemos.),

278 1653 423 1695 Lowio
462 1654 519 1708 (p.
556 1652 637 1695 328
674 1652 834 1707 prodr.)
871 1655 1016 1694 contra
1047 1651 1315 1694 Gerlachium
1351 1655 1393 1694 et
1426 1652 1473 1696 L.
1504 1652 1725 1696 Miillerum
1762 1651 1878 1695 haud

277 1719 473 1774 ambigue
494 1718 708 1762 contextui
728 1717 944 1760 Luciliano
965 1717 1276 1760 attribuendum
1296 1718 1365 1761 vel
1381 1718 1647 1762 reddendum
1668 1719 1878 1773 existimo,

277 1786 348 1840 ita,
377 1789 435 1840 ut,
465 1798 559 1828 cum
589 1784 749 1828 Gellius
779 1784 870 1838 XI„
909 1784 933 1826 7
963 1784 1075 1826 male
1107 1784 1202 1839 „hic
1233 1785 1465 1839 strigosus“
1496 1785 1651 1840 tradat,
1687 1785 1878 1828 codicum

278 1852 565 1895 Nonianorurn
594 1866 633 1907 p.
667 1852 732 1906 79,
755 1852 810 1893 25
829 1851 971 1893 lectio:
1006 1850 1099 1905 „hic
1120 1851 1365 1894 sitricosus“
1395 1851 1614 1895 levissima
1643 1851 1736 1895 sola
1755 1852 1878 1895 unius

279 1917 442 1960 litterae
473 1918 542 1972 ,‚i“
571 1917 614 1959 in
645 1918 716 1971 „t“
746 1917 935 1959 admissa
961 1916 1191 1959 mutatione
1221 1931 1295 1960 suo
1320 1918 1417 1973 jure
1447 1918 1714 1962 sustineatur.
1771 1919 1882 1962 Nam

279 1985 457 2040 primum
486 1984 527 2026 h.
558 1997 611 2038 v.,
643 1984 733 2026 sive
762 1983 818 2026 ad
837 1983 1207 2038 tergiversatorem
1236 1984 1325 2026 sive
1355 1984 1411 2026 ad
1432 1985 1758 2028 conviciatorem
1786 1984 1878 2039 (cfr.

282 2065 409 2106 supra
444 2064 483 2092 V.
522 2050 812 2105 „bovinator“)
849 2048 1040 2104 pertinet,
1079 2048 1135 2090 ad
1173 2050 1424 2091 sententiam
1461 2051 1581 2092 unice
1618 2053 1762 2106 aptum
1800 2053 1876 2102 est,

279 2130 371 2160 cum
402 2117 664 2171 „strigosus“
701 2116 743 2168 (i.
782 2128 818 2157 e.
849 2114 1108 2168 macilentus,
1146 2115 1305 2171 macer)
1336 2116 1436 2170 quid
1474 2129 1692 2159 commune
1726 2116 1882 2159 habeat

280 2197 371 2226 cum
401 2183 481 2226 hoc
509 2186 582 2224 aut
609 2182 681 2224 illo
712 2182 897 2237 profecto
927 2194 1012 2223 non
1032 2185 1256 2236 appareat3
1287 2186 1375 2224 tum
1405 2182 1576 2237 glossae
1605 2182 1717 2225 illius
1743 2182 1878 2226 Placi—

281 2249 451 2292 dianae:
501 2249 765 2302 „bovinator:
824 2248 1003 2290 tricosus
1053 2251 1095 2289 et
1141 2247 1414 2291 inconstans“
1462 2249 1879 2305 interpretamentum

281 2316 513 2370 „tricosus“
543 2319 584 2358 et
604 2314 818 2358 exstitisse
846 2313 928 2356 hoc
946 2313 1194 2356 vocabulum
1225 2317 1277 2368 et,
1309 2315 1344 2356 si
1375 2315 1475 2370 quid
1502 2315 1639 2369 video,
1669 2330 1697 2358 a
1715 2315 1878 2371 glosso-

281 2381 443 2436 grapho
475 2395 527 2424 ex
557 2381 650 2436 ipso
678 2380 827 2422 Lucilii
856 2394 983 2423 versu
1012 2380 1209 2423 haustum
1239 2385 1280 2424 et
1308 2381 1364 2424 ad
1394 2381 1755 2438 interpretandum
1775 2382 1878 2426 alte-

282 2461 370 2489 rum
393 2447 621 2489 adhibitum
652 2461 747 2489 esse
767 2446 1102 2502 probabilissime
1123 2447 1396 2492 demonstrat.
1457 2447 1540 2491 cfr.
1571 2449 1702 2491 Lowe
1730 2449 1757 2491 l.
1777 2448 1804 2492 l.
1823 2473 1880 2479 --

284 2512 422 2555 Subst.
451 2513 556 2554 trico
593 2527 662 2568 ap.
692 2512 826 2556 Plaut.
857 2513 1010 2562 Bacch.
1049 2514 1089 2567 2,
1119 2514 1157 2567 3,
1196 2514 1250 2556 46
1289 2514 1427 2570 (280);
1465 2528 1534 2570 ap.
1566 2514 1746 2571 Capitol.
1780 2515 1878 2559 Ver.

283 2579 310 2619 4
340 2580 365 2630 ξ
403 2579 448 2632 63
485 2592 553 2632 ap.
583 2578 723 2633 ipsum
751 2578 955 2620 Lucilium
990 2579 1053 2621 bis
1092 2593 1131 2620 v.
1162 2579 1245 2620 344
1282 2580 1366 2634 (11,
1399 2580 1468 2636 17)
1508 2584 1548 2622 et
1576 2580 1658 2623 348
1690 2581 1775 2635 (ll,
1804 2579 1878 2636 25)

283 2643 502 2685 invenitur.
548 2669 601 2673 —
644 2645 872 2687 Praeterea
915 2644 999 2687 alia
1042 2644 1302 2699 undeviginti
1346 2646 1436 2688 fere
1474 2645 1665 2702 ejusdem
1709 2647 1910 2702 generis·

284 2708 495 2764 adjectiva
524 2710 566 2750 in
587 2712 798 2763 „—osus“
818 2710 1055 2753 desinentia
1075 2724 1210 2765 eaque
1231 2712 1401 2767 saepius
1430 2712 1598 2766 usitata,
1620 2716 1879 2768 quantopere

284 2774 468 2816 Lucilius
498 2774 576 2817 hac
606 2775 898 2819 terminatione
927 2776 1159 2819 delectatus
1190 2778 1327 2832 fuerit,
1358 2779 1590 2822 certissimo
1629 2778 1886 2822 documento>

287 2842 395 2893 sunt,
426 2838 555 2882 velut:
